1383468287,471.97,471.81,469.41,18913.17022684,430,471.8,1384078962
1383468348,471.97,471.29,469.34,18975.08782035,430,471.29,1384079023
1383468409,471.97,470,469.18,18985.20123659,430,470,1384079084
1383468466,471.97,471.36,471.3,19003.22234426,430,471.36,1384079141
1383468523,471.97,471.71,471.7,19009.39881042,430,471.71,1384079198
1383468587,471.97,471.97,471.86,18999.06946624,430,471.97,1384079262
1383468643,471.84,471.84,471.84,19020.80380384,430,471.86,1384079318
1383468704,471.76,471.76,471.71,19092.05666195,430,471.76,1384079379
1383468763,471.71,471.71,470,18862.22121987,430,470.94,1384079438
1383468828,469,468.39,468.39,18721.18906373,430,469,1384079503
1383468898,468.4,468,467.92,18690.77331374,430,467.99,1384079573
1383468958,468,467.89,467.89,18475.94194246,430,467.9,1384079633
1383469010,468,467.29,467.29,18471.46773094,430,467.3,1384079685
1383469127,468,467.28,467,18461.26462757,430,467.28,1384079802
1383469185,468,465,465.1,18452.37943421,430,466.98,1384079860
1383469305,468,466.97,466.8,18381.06369148,430,466.96,1384079980
1383469367,468,466.8,466.8,18385.26701291,430,466.97,1384080042
1383469432,468,465.07,465.1,18385.18540279,430,466.8,1384080107
1383469491,468,465.07,465.08,18385.18540279,430,466.8,1384080166
1383469552,468,466.99,465.06,18397.84513551,430,466.8,1384080227
1383469669,468,465.04,465.05,18392.68847634,430,465.4,1384080344
1383469728,468,465,465,18371.53154112,430,465.04,1384080403
1383469788,468,465.04,465.03,18337.72549292,430,465.04,1384080463
1383469848,468,465.03,465,18332.15062623,430,465.03,1384080523
1383469906,468,468,465.04,18307.52865183,430,466.63,1384080581
1383469968,468,465.03,465.04,18297.00487505,430,466.69,1384080643
1383470019,468,465.02,465.01,18296.39740669,430,465.02,1384080694
1383470077,468,466.77,465.02,18318.98672785,430,466.7,1384080752
1383470146,468,466.77,465.01,18428.17735145,430,466.77,1384080821
1383470213,468,465,465,18428.15144754,430,466.78,1384080888
1383470270,468,465,465,18428.10736837,430,466,1384080945
1383470328,468,464.69,464.7,18428.20748247,430,466.8,1384081003
1383470387,468,464.67,464.67,18438.15841432,430,466.98,1384081062
1383470446,468,468,464.65,18458.47250506,430,466.98,1384081121
1383470512,468,466.8,465.94,18400.03901356,430,466.8,1384081187
1383470563,468,466.99,466.8,18413.69043241,430,466.98,1384081238
1383470631,468,467,466.99,18525.0816436,430,467,1384081306
1383470691,468,466.8,466.8,18529.38195179,430,466.99,1384081366
1383470749,468,466.8,465.99,18557.80297121,430,466.8,1384081424
1383470808,468,465.98,465.99,18569.65530651,430,466.99,1384081483
1383470870,468,466.49,465.98,18580.40561829,430,466.99,1384081545
1383470935,468,466.99,466.8,18582.11266382,430,466.99,1384081610
1383470995,468,466.99,466.81,18582.11266382,430,466.99,1384081670
1383471053,468,467,466.8,18585.53259242,430,467,1384081728
1383471112,468,467,466.8,18586.62295242,430,467,1384081787
1383471169,468,467,466.8,18599.18158343,430,467,1384081844
1383471232,468,466.49,466.49,18623.51873092,430,467,1384081907
1383471291,468,467.51,467.5,18643.7245358,430,467.51,1384081966
1383471348,468,467.81,467.5,18650.90477551,430,467.81,1384082023
1383471803,468,467.81,467.49,18649.62939614,430,467.81,1384082478
1383471817,468,467.82,467.48,18648.29583811,430,467.82,1384082492
1383471832,468,468,467.97,18628.71767297,430,467.99,1384082507
1383471895,468,468,467.97,18617.42591112,430,468,1384082570
1383471954,467.97,467.97,467.97,18611.8186151,430,468,1384082629
1383471969,467.97,467.94,467.48,18554.81539016,430,467.94,1384082644
1383472014,467.86,467.48,467.26,18415.05491812,430,467.48,1384082689
1383472075,467.86,467.26,467.26,18425.40355629,430,467.48,1384082750
1383472133,467.86,467.26,467.26,18431.16231576,430,467.48,1384082808
1383472199,467.86,467.23,467.26,18458.43165452,430,467.49,1384082874
1383472243,467.86,467.49,467.23,18625.51113045,430,467.49,1384082918
1383472302,467.24,467.24,467.24,18580.66206253,430,467.26,1384082977
1383472360,467.24,467.24,467.24,18580.65459204,430,467.26,1384083035
1383472425,467,467,466.97,18554.57591534,430,467,1384083100
1383472545,466.95,466.95,466.95,18546.92897984,430,466.97,1384083220
1383472611,466.94,466.94,466.94,18568.08357634,430,466.95,1384083286
1383472673,466.7,466.7,466.7,18586.22596159,430,466.84,1384083348
1383472733,466.66,466.64,466.28,18649.71249002,430,466.64,1384083408
1383472792,466.66,466.29,466.29,18684.44790044,430,466.65,1384083467
1383472853,466.66,466.29,466.28,18696.63881458,430,466.29,1384083528
1383472911,466.66,466.29,466.29,18691.77088774,430,466.7,1384083586
1383472969,466.28,466.28,466.28,18658.1743387,430,466.29,1384083644
1383473035,465.94,465.93,465.93,18641.00291522,430,465.99,1384083710
1383473092,465.94,464.85,464.85,18640.81460662,430,465.93,1384083767
1383473156,465,465,464.79,18631.21810364,430,465,1384083831
1383473216,465,464.64,464.64,18617.37634192,430,464.79,1384083891
1383473275,465,464.43,464.43,18616.90859351,430,464.64,1384083950
1383473335,465,464.99,464.64,18646.21929948,430,464.99,1384084010
1383473393,465,465,464.43,18648.50491583,430,464.99,1384084068
1383473446,464.44,464.44,464.43,18768.18761863,430,464.44,1384084121
1383473510,464.44,464.43,464,18809.18637289,430,464.43,1384084185
1383473572,464.01,464.01,464.01,18857.85678387,430,464.05,1384084247
1383473637,463.96,462.79,460.69,18780.8510438,430,462.79,1384084312
1383473696,463.96,462.8,462.79,18807.13303296,430,463,1384084371
1383473754,463.96,462.79,462.79,18835.8188368,430,462.8,1384084429
1383473819,463.96,462.8,460.57,18880.9385435,430,462.8,1384084494
1383473875,463.96,460.54,460.55,18931.84260347,430,462.8,1384084550
1383473932,463.96,462.8,460.53,19010.40288094,430,462.8,1384084607
1383473996,463.96,462.8,460.51,19055.06506273,430,462.13,1384084671
1383474053,463.96,462.13,462.13,19082.14897771,430,462.8,1384084728
1383474113,463.96,462.8,460.5,19106.80230292,430,462.8,1384084788
1383474173,463.96,462.7,462.7,19109.81080495,430,462.8,1384084848
1383474232,463.96,460.12,460.41,19261.48161373,430,462.7,1384084907
1383474292,463.96,460.12,460.11,19272.21359396,430,460.12,1384084967
1383474349,463.96,463,460.1,19264.88798638,430,462.39,1384085024
1383474415,463.96,462,461.63,19263.85131861,430,462,1384085090
1383474474,463.96,462,463.01,19265.21186703,430,463.93,1384085149
1383474532,463.96,462.99,462.99,19271.49836857,430,463.9,1384085207
1383474590,463.96,462.99,462.99,19268.31578266,430,463.9,1384085265
1383474648,463.96,463.22,462.99,19300.72430166,430,463.92,1384085323
1383474713,463.96,463.21,462.99,19310.85285336,430,463.21,1384085388
1383474772,463.96,463.95,463.21,19832.53427059,430,463.95,1384085447
1383474888,463.22,463.21,463.21,19866.02761728,430,463.22,1384085563
1383474954,463.22,463.22,463.22,19864.20772441,430,463.28,1384085629
1383475005,463.16,462.99,462.99,19857.51277883,430,463.22,1384085680
1383475069,463.16,463.16,463.16,19684.76931637,430,463.22,1384085744
1383475134,463,462.99,462.99,19667.07442949,429.65,463,1384085809
1383475191,463,462.99,462.99,19905.48965555,429.65,463,1384085866
1383475251,463,463,462.78,20164.11449872,429.64,463,1384085926
1383475308,463,462.77,462.77,20397.79032059,428,462.92,1384085983
1383475373,463,462,461.93,20392.08835206,428,462,1384086048
1383475433,463,462,462,20395.00712912,428,462.38,1384086108
1383475495,463,460.04,460.04,20392.32751987,428,461.92,1384086170
1383475552,463,461.92,460.02,20400.1563834,427.99,461.92,1384086227
1383475612,463,460,460,20410.84770285,427.99,461.92,1384086287
1383475673,463,460.01,460.01,20410.36042535,427.99,461.92,1384086348
1383475736,463,460,460.01,20428.01886154,427.47,461.92,1384086411
1383475793,463,460,460,20437.09077721,427.37,461,1384086468
1383475852,463,459.9,458.28,20392.48867219,426.98,459.9,1384086527
1383475917,463,459.9,458.28,20390.84342874,426.98,459.9,1384086592
1383475974,463,458.28,458.28,20357.65928986,426.98,459.9,1384086649
1383476032,463,459.9,458.28,20357.174041,426.49,459.89,1384086707
1383476092,463,459.9,459.89,20359.46436573,426.41,459.9,1384086767
1383476156,463,459.89,459.89,20354.20913469,426.41,459.9,1384086831
1383476220,463,459.9,459.89,20353.39433425,426.19,459.9,1384086895
1383476279,463,459.9,459.9,20349.33392928,426.19,459.95,1384086954
1383476336,463,458.27,458.27,20348.40644901,426.19,459.89,1384087011
1383476400,463,459.9,459.89,20485.3253885,425.89,459.9,1384087075
1383476457,463,458.27,457.23,20484.17679162,425.88,458.27,1384087132
1383476514,463,458.27,458.27,20483.40169053,425.88,459.89,1384087189
1383476578,463,459.9,458.27,20482.40664851,425.88,459.9,1384087253
1383476637,463,459.5,459.5,20484.15511814,425.1,459.9,1384087312
1383476699,463,459.5,459.5,20486.22220365,425.1,459.89,1384087374
1383476755,463,457.11,457.1,20484.81289206,424.43,457.11,1384087430
1383476820,463,458.96,457.1,20481.84107651,424.43,458.96,1384087495
1383476874,463,459.94,458.5,20478.47085699,424.43,458.96,1384087549
1383476932,463,459.95,458.97,20478.06446618,424.43,459.94,1384087607
1383476998,463,458.08,458.08,20466.41639538,424.43,458.49,1384087673
1383477052,463,458.03,458.02,20452.38293925,424.43,458.03,1384087727
1383477117,463,457.62,457.08,20451.51932057,424.35,458.03,1384087792
1383477176,463,458,457.62,20377.22998499,424.35,458,1384087851
1383477236,463,458.03,458.03,20362.98986403,424.26,458.97,1384087911
1383477295,463,458.5,458.5,20361.17934881,424.26,458.97,1384087970
1383477359,463,458.5,458.02,20354.24263997,424.26,458.5,1384088034
1383477416,463,458.9,458.5,20378.16430866,424.26,458.9,1384088091
1383477477,463,458.97,458.04,20376.34176855,424.26,458.9,1384088152
1383477534,463,458.97,458.97,20345.84389058,424.26,459,1384088209
1383477597,463,459.97,459.97,20320.87810014,424.26,459.98,1384088272
1383477659,463,458.12,458.2,20312.89645896,424.26,459.98,1384088334
1383477718,463,461.99,461.99,20285.4968947,424.26,462,1384088393
1383477777,463,462.36,461.99,20278.0028452,424.26,462,1384088452
1383477842,463,462.01,462.01,20262.39156497,424.26,462.94,1384088517
1383477899,463,462.01,462.01,20259.40612431,424.26,462.95,1384088574
1383477956,463,462.98,462,20258.91107668,424.26,462.98,1384088631
1383478021,463,462,462,20251.23160519,424.26,462.95,1384088696
1383478078,463,462.96,462,20253.98676657,424.2,462.94,1384088753
1383478142,463,462.98,462,20253.52407371,424.18,462.97,1384088817
1383478201,463,462.98,462.98,20252.30355832,424.18,462.99,1384088876
1383478260,463,462.98,462.98,20250.51230588,424.18,462.99,1384088935
1383478318,463,462.98,462,20250.72718311,424.18,462.98,1384088993
1383478382,463,463,462.99,20258.4022049,423.71,463,1384089057
1383478435,462.98,462.98,462.71,20255.88566462,423.71,462.98,1384089110
1383478494,462.84,462.7,462.7,20263.6657181,423.71,462.83,1384089169
1383478556,462.84,462.7,462.7,20265.91645064,423.71,462.83,1384089231
1383478617,462.84,462.7,462.04,20262.62994311,423.71,462.7,1384089292
1383478680,462.84,462.79,462.7,20261.08353284,423.71,462.79,1384089355
1383478737,462.84,462.7,462.7,20274.74915231,423.71,462.79,1384089412
1383478798,462.84,462.83,462.79,20273.67334888,423.71,462.83,1384089473
1383478857,462.84,462.79,462.79,20279.8997051,423.71,462.84,1384089532
1383478916,462.84,462,462,20278.5113805,423.71,462.84,1384089591
1383478975,462.84,462,462,20284.04538884,423.71,462.84,1384089650
1383479041,462.84,462,462,20283.55034485,423.71,462.84,1384089716
1383479142,462.84,462.84,462,20276.2075875,423.71,462.84,1384089817
1383479211,462.82,462.82,462,20273.22880017,423.71,462.8,1384089886
1383479263,462.82,462,462.01,20253.32506026,423.71,462.82,1384089938
1383479316,462.82,462.22,462.22,20252.31677343,423.71,462.82,1384089991
1383479389,462.82,462.82,462.2,20250.91029602,423.71,462.82,1384090064
1383479445,462.82,462.82,462.81,20249.32929602,423.71,462.82,1384090120
1383479510,462.82,462.81,462.21,20237.56140954,423.71,462.81,1384090185
1383479569,462.82,462.81,462.81,20230.78608872,423.71,462.82,1384090244
1383479628,462.82,462.82,462.81,20229.11562466,423.71,462.82,1384090303
1383479691,462.82,462.2,462.2,20219.11552478,423.71,462.82,1384090366
1383479750,462.2,462.2,462.2,20192.82669073,423.71,462.5,1384090425
1383479810,462.2,462,462,20192.11949744,423.71,462.17,1384090485
1383479866,462.2,461.4,461.99,20186.04038893,423.71,462,1384090541
1383479927,462.2,461.41,461.41,20188.17791065,423.71,461.99,1384090602
1383479985,462.2,461.3,461.41,20186.68286964,423.71,462,1384090660
1383480050,462.2,461.3,461.3,20188.38782918,423.71,462,1384090725
1383480108,462.2,461.05,461.3,20187.29278894,423.71,462,1384090783
1383480166,462.2,461.03,461.04,20183.26774926,423.71,462,1384090841
1383480343,462.2,461.03,461.03,20182.77271013,423.71,462,1384091018
1383480411,462.2,461,461.02,20181.94322306,423.71,462,1384091086
1383480471,462.2,461,461,20186.80006018,423.71,462,1384091146
1383480528,462.2,461.4,461.4,20162.19872833,423.71,462,1384091203
1383480592,462.2,461.4,461.39,20160.4993643,423.71,461.4,1384091267
1383480649,462.2,461.39,461,20153.56171487,423.71,461.39,1384091324
1383480767,462.2,461.39,461,20154.46667629,423.71,461.39,1384091442
1383480827,462.2,461,461,20158.49183771,423.71,461.39,1384091502
1383480890,462.2,461.4,461,20158.71538361,423.71,461.4,1384091565
1383480949,462.2,461.4,461,20155.99911166,423.71,461.4,1384091624
1383481008,462.2,461.4,461,20155.66372189,423.71,461.4,1384091683
1383481070,462.2,461,461.4,20150.70426214,423.71,461.99,1384091745
1383481123,462.2,462,461,20150.20921264,423.71,461.99,1384091798
1383481182,462.2,461.31,461.01,20135.65239601,423.71,461.31,1384091857
1383481309,462.2,461.31,460.88,20135.54314136,423.71,461.31,1384091984
1383481375,462.2,460.71,460.71,20130.93314136,423.71,461.87,1384092050
1383481430,462.2,460.7,460.7,20129.71487708,423.71,461.88,1384092105
1383481487,462.2,461.95,460.7,20128.80537858,423.71,461.88,1384092162
1383481551,462.2,461.96,461.89,20106.72989671,423.71,461.96,1384092226
1383481613,462.2,461.96,461.96,19999.07316855,423.71,461.97,1384092288
1383481674,462.2,460.71,460.71,19979.90333811,423.71,461.89,1384092349
1383481732,462.2,460.23,460.23,19978.14240235,423.71,461.89,1384092407
1383481792,462.2,460,460,19978.51181609,423.71,461.89,1384092467
1383481853,462.2,461.89,460,19974.62473243,423.71,461.89,1384092528
1383481910,462.2,459.99,458.52,19961.63419014,423.71,459.99,1384092585
1383481969,462.2,459.99,458.51,19949.93519565,423.71,459.97,1384092644
1383482030,462.2,458.18,458.19,19952.00696648,423.71,459.99,1384092705
1383482095,462.2,458.12,458.12,19943.95867361,423.71,459.99,1384092770
1383482154,462.2,458.07,458.11,19943.26649292,423.71,459.99,1384092829
1383482214,462.2,460,458.06,19932.9298025,423.71,459.99,1384092889
1383482276,462.2,458.01,458.04,19921.6381154,423.71,460.32,1384092951
1383482336,462.2,460.93,458.01,19944.68342998,423.71,460.3,1384093011
1383482394,462.2,460.91,458,19936.04766601,423.71,460.91,1384093069
1383482453,462.2,459.88,457.82,19823.51262292,423.71,459.89,1384093128
1383482510,462.2,457.69,457.81,19811.46101335,423.71,458.8,1384093185
1383482573,462.2,459,457.69,19810.96597092,423.71,458.8,1384093248
1383482635,462.2,457.68,457.69,19793.63080055,423.71,458,1384093310
1383482689,462.2,457.14,457.14,19790.8549095,423.71,457.68,1384093364
1383482757,462.2,457.68,457.13,19790.47390594,423.71,457.68,1384093432
1383482819,462.2,458,457.36,19822.98825395,423.71,458,1384093494
1383482879,462.2,458,457.36,19822.02219368,423.71,458,1384093554
1383482935,462.2,458,457.37,19835.8294466,423.71,458,1384093610
1383482994,462.2,458,457.36,19836.45275308,423.71,458,1384093669
1383483054,462.2,457.13,457.36,19836.05850787,423.71,458,1384093729
1383483114,462.2,457,457,19823.34949778,423.71,458.03,1384093789
1383483174,462.2,457,457,19815.93880975,423.71,458.03,1384093849
1383483232,462.2,458.03,458.02,19812.22880975,423.71,458.03,1384093907
1383483290,462.2,458.87,458.03,19809.33859514,423.71,458.87,1384093965
1383483357,462.2,458.03,458.03,19808.34355051,423.71,458.87,1384094032
1383483412,462.2,459,457.01,19777.56366247,423.71,459,1384094087
1383483477,462.2,459,458.5,19793.42208717,423.71,459,1384094152
1383483524,462.2,459.92,458.46,19766.16809771,423.71,459,1384094199
1383483590,462.2,459.31,459.92,19669.37239113,423.71,460.76,1384094265
1383483650,462.2,459.66,459.31,19672.12819158,423.71,459.66,1384094325
1383483719,462.2,459.67,459.67,19453.91515838,423.71,460.78,1384094394
1383483777,462.2,460.78,460.74,19451.18341504,423.71,460.78,1384094452
1383483836,462.2,460.76,460.74,19441.61708758,423.71,460.76,1384094511
1383483895,462.2,460.77,459.7,19428.62204628,423.71,460.76,1384094570
1383483958,462.2,459.7,459.66,19415.65256022,423.71,459.7,1384094633
1383484017,462.2,459.7,459.66,19403.74601862,423.71,459.7,1384094692
1383484077,462.2,460.79,459.71,19375.25271733,423.71,460.79,1384094752
1383484134,462.2,457.37,457.37,19353.20604503,423.71,458.66,1384094809
1383484192,462.2,455.09,455.09,19294.14589062,423.71,457,1384094867
1383484256,462.2,455.11,455.11,19293.31085032,423.71,457,1384094931
1383484315,462.2,457,456.11,19279.44374183,423.71,457,1384094990
1383484379,462.2,457.15,456.46,19273.59640391,423.71,457.15,1384095054
1383484437,462.2,457.1,456.81,19274.19735295,423.71,457.15,1384095112
1383484494,462.2,453.74,453.72,19276.08726504,423.71,457.16,1384095169
1383484553,462.2,458.74,457.76,19266.55604124,423.71,458.74,1384095228
1383484615,462.2,458.72,458.73,19266.65519516,423.71,459.94,1384095290
1383484676,462.2,459.95,459.94,19238.69296823,423.71,459.95,1384095351
1383484741,462.2,459.94,458.69,19233.65395111,423.71,459.94,1384095416
1383484801,462.2,461,461,19220.23420415,423.71,461.89,1384095476
1383484860,462.2,461,461,19219.13916344,423.71,461.89,1384095535
1383484920,462.2,462,461.89,19128.63095725,423.71,462,1384095595
1383484978,462,462,462,19082.81702932,423.71,462.2,1384095653
1383485038,461.9,461,461,19037.56663226,423.71,461.9,1384095713
1383485098,460.82,460.82,460.82,18985.26041488,423.71,460.92,1384095773
1383485158,460.25,459.94,459.93,18968.74214633,423.71,459.94,1384095833
1383485217,460.25,460.24,460,18962.88893587,423.71,460.24,1384095892
1383485274,460,460,459.92,18960.19883884,423.71,460,1384095949
1383485332,460,459.93,459.97,18955.89883884,423.71,459.99,1384096007
1383485396,460,460,459.92,18954.49101056,423.71,459.99,1384096071
1383485444,460,459.99,459.99,18928.71544648,423.71,460,1384096119
1383485506,460,458.01,458.02,18915.00411508,423.71,459.84,1384096181
1383485576,459.44,459.43,458.01,18730.34549883,423.71,459.42,1384096251
1383485634,459.44,459.44,458,18717.03028352,423.71,459.44,1384096309
1383485693,459.28,458,458,18645.26097063,423.71,459.34,1384096368
1383485759,458.5,458,458,18301.09658261,423.71,458.02,1384096434
1383485819,458.4,458,458,18268.03102965,423.71,458.2,1384096494
1383485869,458.4,458,458,18259.07676864,423.71,458.2,1384096544
1383485936,458.4,457.75,457.75,18235.62771316,423.71,458,1384096611
1383486000,458.38,458.38,458.38,18223.92377148,423.71,458.5,1384096675
1383486060,458.33,457.92,457.92,18188.5831366,423.71,458.33,1384096735
1383486121,458.33,458.33,457.77,18187.14375137,423.71,458.33,1384096796
1383486173,457.75,457.75,457.75,18175.3178242,423.71,457.84,1384096848
1383486235,457.4,457.4,457.4,18147.36519589,423.71,457.5,1384096910
1383486297,456.98,456.98,456.98,18154.74403251,423.71,457,1384096972
1383486355,455.8,455.8,455.67,18084.36916864,423.71,455.8,1384097030
1383486415,455.67,453.65,455,18081.52170389,423.71,455.66,1384097090
1383486469,454.01,454.01,454,17983.79260064,423.71,454.01,1384097144
1383486536,454.01,453.91,453.91,17979.78505055,423.71,454.01,1384097211
1383486588,454.01,452.45,452.45,17973.42250145,423.71,453.91,1384097263
1383486650,453.94,453.91,452.45,17957.85151792,423.71,453.91,1384097325
1383486719,453.94,453.94,452.45,17957.29331761,423.71,453.94,1384097394
1383486766,452,452,452,17942.01201412,423.71,452.08,1384097441
1383486838,450,450,450,18013.91066,423.71,450.01,1384097513
1383486890,450,450,449.99,17407.98721698,423.71,450,1384097565
1383486960,450,450,449.99,17386.71341266,423.71,450,1384097635
1383487012,450,450,449.99,17379.4501276,422.88,450,1384097687
1383487068,449.99,449.99,449.98,17333.50785264,422.08,449.99,1384097743
1383487136,449.99,449.99,449.98,17302.84933089,422.08,449.99,1384097811
1383487189,449.99,449.99,449.98,17298.60604332,422.08,449.99,1384097864
1383487261,449.99,449.98,449.98,17293.88468481,422.06,449.99,1384097936
1383487306,449.99,449.99,449.98,17293.38963687,422.06,449.99,1384097981
1383487373,449.99,449.98,449.98,17273.14226643,422.06,449.99,1384098048
1383487436,449.99,449.99,449.98,17242.93770756,422.05,449.99,1384098111
1383487496,449.99,449.98,449.98,17178.96783216,422.05,449.99,1384098171
1383487558,449.99,449.99,448,17172.63637127,422.05,449.99,1384098233
1383487626,449.99,449.63,449.63,17171.828324,422.05,449.64,1384098301
1383487662,449.99,449.64,449.63,17149.51276073,422.05,449.64,1384098337
1383487736,449.99,449.64,449.49,17137.85709631,422.05,449.63,1384098411
1383487798,449.99,447.52,447.53,16977.67094202,422.05,449.49,1384098473
1383487851,449.99,449.5,447.51,16981.23333475,422.05,449.5,1384098526
1383487917,449.99,449.5,447.51,16980.70793616,422.05,449.5,1384098592
1383487977,449.99,449.5,447.51,16989.20706283,422.05,449.5,1384098652
1383488035,449.99,449.1,447.5,16988.53169556,422.05,449.1,1384098710
1383488083,449.99,447.39,447.5,16986.93664829,422.05,449.1,1384098758
1383488156,449.99,449.21,447.06,16986.94160102,422.05,449.1,1384098831
1383488225,449.99,448.3,447,16988.23323296,422.05,449.21,1384098900
1383488272,449.99,448.3,446.95,16985.19343116,422.05,448.3,1384098947
1383488327,449.99,448.3,446.9,16984.59343116,422.05,448.3,1384099002
1383488391,449.99,448.3,446.9,16983.38438457,422.05,448.3,1384099066
1383488457,449.99,446.9,446.71,16989.07055015,422.05,446.9,1384099132
1383488516,449.99,446.94,446.9,16992.59117817,422.05,448.33,1384099191
1383488560,449.99,447.65,446.94,16992.09615746,422.05,448.33,1384099235
1383488619,449.99,448,447.66,16991.8621787,422.05,448,1384099294
1383488688,449.99,448,447.65,16990.77600674,422.05,448,1384099363
1383488735,449.99,447.06,447.02,16990.36213923,422.05,447.06,1384099410
1383488809,449.99,448.06,448.05,16992.73699235,420.11,448.06,1384099484
1383488836,449.99,449.65,448.33,16992.46099453,420.11,449.5,1384099511
1383488922,449.99,449.47,448.33,17007.98144119,420,449.65,1384099597
1383488973,449.99,449.59,449.47,17038.28878158,420,449.59,1384099648
1383489045,449.99,449.65,449.59,17054.92638544,420,449.65,1384099720
1383489103,449.99,449.47,448.33,17054.45974686,420,449.47,1384099778
1383489167,449.99,449.65,449.47,17054.06266474,420,449.65,1384099842
1383489219,449.99,449.35,448.33,17054.92353574,420,449.35,1384099894
1383489282,449.99,448.4,449.35,17054.90841349,420,449.65,1384099957
1383489344,449.99,449.65,448.4,17054.54670592,420,449.65,1384100019
1383489404,449.99,448.4,448.33,17053.45175215,420,448.4,1384100079
1383489465,449.99,449.07,448.4,17055.59525015,420,449.65,1384100140
1383489522,449.99,449.07,449.07,17055.10020872,420,449.65,1384100197
1383489590,449.99,449.92,449.07,17054.60516762,420,449.65,1384100265
1383489639,449.99,449.65,448.72,17054.22815403,420,449.65,1384100314
1383489703,449.99,449.65,448.73,17049.42700695,420,449.65,1384100378
1383489767,449.99,449.99,449,17046.70359911,420,449.98,1384100442
1383489830,449.99,449.9,449.11,17025.22311411,420,449.99,1384100505
1383489882,449.99,448.75,448.73,17023.64023695,420,448.75,1384100557
1383489946,449.99,449.01,448.75,17023.51183695,420,449.01,1384100621
1383490008,449.99,449.1,449.01,17023.3249639,420,449.1,1384100683
1383490063,449.99,449.1,449.1,17022.92057342,420,449.99,1384100738
1383490123,449.99,449.99,449.1,17034.62553389,420,449.99,1384100798
1383490191,449.99,449.1,449.1,17041.62487214,420,449.99,1384100866
1383490239,449.99,449.1,449.01,17042.46561168,420,449.1,1384100914
1383490308,449.99,449.99,449.11,17042.27479534,420,449.99,1384100983
1383490370,449.99,449.11,449.11,17010.78229122,420,449.98,1384101045
1383490433,449.98,449.98,449.01,16709.33589608,419.63,449.97,1384101108
1383490549,449.5,449.1,449.01,16589.43789284,419.63,449.1,1384101224
1383490609,449.5,449.5,449.01,16588.32784614,419.63,449.1,1384101284
1383490730,449.44,449,449,16559.7272568,419.63,449.43,1384101405
1383490791,449.44,449,449,16560.77548732,419.63,449.43,1384101466
1383490853,449.44,449.44,449.34,16555.70743973,419.63,449.44,1384101528
1383490899,449.1,449.1,449,16542.99496552,419.63,449.1,1384101574
1383490966,449,448.73,448.73,16508.96107211,419.63,449,1384101641
1383491028,448.67,448.67,448.67,16459.19933639,419.63,448.72,1384101703
1383491087,448.67,448.67,448.67,16459.29469014,418.16,448.72,1384101762
1383491149,448.67,448.67,447.06,16486.96890809,417.57,448.67,1384101824
1383491211,448.2,447.05,447.05,16639.35223184,417.57,448.2,1384101886
1383491264,448.2,448.2,447.02,16778.34560867,417.57,448.2,1384101939
1383491328,448,447.01,447.98,16788.91842616,417.57,448,1384102003
1383491385,448,447.98,447,16788.42338002,417.57,447.98,1384102060
1383491439,448,448,447.98,16788.4159355,417.57,448,1384102114
1383491509,447.98,447.97,447.17,16760.68448701,417.57,447.97,1384102184
1383491569,447.98,447.96,447.97,16747.08866322,417.57,447.98,1384102244
1383491625,447.98,445.78,445.78,16745.90352582,417.57,447.98,1384102300
1383491687,447.98,445.74,445.76,16767.28239633,417.57,447.93,1384102362
1383491747,447.98,445.71,445.72,16765.72107983,417.57,447.97,1384102422
1383491809,447.98,446.7,445.71,16697.22603414,417.57,446.7,1384102484
1383491924,447.98,447.98,446.7,16663.58423077,417.57,447.98,1384102599
1383491992,447.98,447.98,446.7,16673.6250843,417.57,447.98,1384102667
1383492053,447.98,446.15,446.15,16661.8373512,417.57,447.9,1384102728
1383492113,447.98,446.15,446.15,16685.90882658,417.57,447.9,1384102788
1383492168,447.98,446.15,446.15,16770.0293435,417.57,447.9,1384102843
1383492230,447.98,446.15,446.15,16776.91408726,417.57,447.9,1384102905
1383492296,447.98,446.15,446.15,16776.41904191,417.57,447.9,1384102971
1383492356,447.98,447.9,446.15,16779.72225374,417.57,447.9,1384103031
1383492414,447.98,446.15,446.16,16774.70739976,417.57,447.89,1384103089
1383492474,447.98,446.15,446.15,16776.45002425,417.57,447.87,1384103149
1383492540,447.98,445.34,445.53,16765.59002795,417.57,447.25,1384103215
1383492596,447.98,447.25,445.34,16765.09498282,417.57,447.25,1384103271
1383492658,447.98,447.25,445.34,16756.37022314,417.57,447.25,1384103333
1383492716,447.98,445.34,445.34,16755.86775211,417.57,447.25,1384103391
1383492778,447.98,447.5,445.34,16755.37270788,417.57,447.5,1384103453
1383492840,447.98,447.43,445.32,16751.61882624,417.57,447.5,1384103515
1383492887,447.98,445.31,445.32,16749.6500885,417.57,447.44,1384103562
1383492957,447.98,447.48,447.48,16748.99204377,417.57,447.49,1384103632
1383493009,447.98,445.29,445.3,16748.41667965,417.57,447.48,1384103684
1383493079,447.98,447.5,445.28,16748.74054075,417.57,447.48,1384103754
1383493128,447.98,445.27,445.26,16748.94369149,417.57,445.27,1384103803
1383493195,447.98,447.85,445.26,16748.44882131,417.57,447.84,1384103870
1383493260,447.98,446,445.25,16768.21031635,417.57,447.86,1384103935
1383493319,447.98,445.15,446,16773.833044,417.57,447.88,1384103994
1383493374,447.98,445.14,445.14,16789.47762877,417.57,447.78,1384104049
1383493440,447.98,445.12,445.13,16794.41234472,417.57,447.81,1384104115
1383493499,447.98,444.59,445.1,16811.35863182,417.57,447.84,1384104174
1383493560,447.98,444.56,444.57,16811.12841533,417.57,447.86,1384104235
1383493619,447.98,447.89,444.55,16810.68418809,417.57,447.89,1384104294
1383493677,447.98,447.17,444.52,16812.64728491,417.57,447.17,1384104352
1383493738,447.98,447.17,445.32,16817.41569354,417.57,447.17,1384104413
1383493796,447.98,444.4,445.32,16812.99343744,417.57,446.92,1384104471
1383493860,447.98,444.32,444.39,16849.26727379,417.57,446.94,1384104535
1383493919,447.98,444.37,444.37,16853.67153284,417.57,446.96,1384104594
1383493980,447.98,444.34,444.35,16858.09884925,417.57,446.98,1384104655
1383494036,447.98,444.33,444.34,16857.26356529,417.57,446,1384104711
1383494067,447.98,444.33,444.33,16855.78549795,417.57,446,1384104742
1383494154,447.98,444.32,444.33,16854.0523179,417.57,444.52,1384104829
1383494208,447.98,444.51,444.51,16835.76502007,417.57,447.8,1384104883
1383494275,447.98,444.5,444.5,16823.21341463,417.57,444.85,1384104950
1383494337,447.98,445.41,445.41,16814.593067,417.57,447.87,1384105012
1383494391,447.98,447.89,446.38,16802.44399562,417.57,447.89,1384105066
1383494461,447.98,445.7,445.7,16802.15289865,417.57,445.71,1384105136
1383494514,447.98,445.73,445.7,16801.65785645,417.57,447.93,1384105189
1383494578,447.98,447.92,445.73,16801.88619425,417.57,447.93,1384105253
1383494635,447.98,447.9,447.89,16798.05547574,417.57,447.9,1384105310
1383494687,447.98,447.89,447.89,16797.48011365,417.57,447.9,1384105362
1383494747,447.98,445.7,445.7,16842.92393077,417.57,447.89,1384105422
1383494802,447.98,445.7,445.7,16864.57006115,417.57,447.89,1384105477
1383494864,447.98,447.9,445.7,16868.94280917,417.57,447.9,1384105539
1383494916,447.98,445.45,445.7,16867.8255418,417.57,447.9,1384105591
1383494982,447.98,445.68,445.45,16867.33050005,417.57,447.96,1384105657
1383495046,447.98,445.65,445.67,16866.83545852,417.57,447.91,1384105721
1383495103,447.98,445.63,445.65,16866.34041699,417.57,447.93,1384105778
1383495165,447.98,445.62,445.63,16870.63238283,417.57,447.97,1384105840
1383495225,447.98,445.42,445.42,16872.21503549,417.57,447.97,1384105900
1383495288,447.98,447.97,447.97,16874.63552903,417.57,447.98,1384105963
1383495340,447.98,447.98,445.4,16870.51283529,417.57,447.98,1384106015
1383495406,447.9,447.75,447.75,16907.29833407,417.57,447.9,1384106081
1383495461,447.9,447.9,445.4,16904.46642335,417.57,447.9,1384106136
1383495526,447.47,447.47,445.4,16894.26246434,417.57,447.47,1384106201
1383495566,447.47,447.47,445.02,16918.22079583,417.57,447.47,1384106241
1383495645,447.47,444.59,445,16915.60502681,417.57,447.43,1384106320
1383495706,447.47,444.56,444.57,16924.53556633,417.57,447.46,1384106381
1383495763,447.47,447.46,444.55,16927.31963519,417.57,447.46,1384106438
1383495881,447.47,447.47,444.52,16924.71835066,417.57,447.06,1384106556
1383495941,447.47,447.07,447.07,16916.77955087,417.57,447.47,1384106616
1383496006,447.47,444.34,444.35,16902.92856724,417.57,447.05,1384106681
1383496063,447.47,444.32,444.32,16902.20212579,417.57,447.07,1384106738
1383496124,447.47,445.16,445.16,16901.85524853,417.57,447.06,1384106799
1383496184,447.47,447.07,445.16,16902.25312811,417.57,446.99,1384106859
1383496242,447.47,447.07,444.35,16908.35488044,417.57,447,1384106917
1383496308,447.47,447,444.34,16893.24139957,417.57,447,1384106983
1383496364,447.47,447,444.3,16885.51877561,417.57,447,1384107039
1383496425,447.47,444.18,444.23,16894.31196917,417.57,446.94,1384107100
1383496556,447.47,447,444.17,16896.82361274,417.57,447,1384107231
1383496616,447.47,447,444.16,16904.77746421,417.57,447,1384107291
1383496671,447.47,446.89,444.1,16897.02965132,417.57,446.89,1384107346
1383496726,447.47,446,444.28,16894.35247498,417.57,446,1384107401
1383496793,447.47,446.7,444.06,16889.10813121,417.57,446.7,1384107468
1383496850,447.47,444.04,444.04,16884.15375467,417.57,446.5,1384107525
1383496910,447.47,444,444.01,17095.28883365,417.57,446.44,1384107585
1383496973,447.47,443.81,443.81,17101.45910826,417.57,446.47,1384107648
1383497034,447.47,443.77,443.78,17107.22404233,417.57,444.04,1384107709
1383497096,447.47,446.5,444.04,17111.17276092,417.57,446.49,1384107771
1383497157,447.47,443.64,443.64,17116.93057192,417.57,445.93,1384107832
1383497218,447.47,443.42,443.63,17125.03995834,417.57,445.95,1384107893
1383497274,447.47,443.4,443.41,17155.39019572,417.57,445.96,1384107949
1383497337,447.47,443.35,443.35,17213.61247847,417.57,445.86,1384108012
1383497393,447.47,443.34,443.35,17329.43236539,417.57,445.85,1384108068
1383497455,447.47,443.32,443.33,17333.40608794,417.57,445.87,1384108130
1383497510,447.47,443.31,443.31,17435.20588353,417.57,445.87,1384108185
1383497527,447.47,445.7,442.45,17595.73678722,417.57,442.99,1384108202
1383497590,447.47,442.42,442.43,17612.99967957,417.57,445.71,1384108265
1383497690,447.47,442.41,442.41,17619.57124262,417.57,445.73,1384108365
1383497754,447.47,442.33,442.34,17629.8184602,417.57,445.76,1384108429
1383497814,447.47,443.11,442.32,17703.42582348,417.57,445.31,1384108489
1383497878,447.47,445.89,443.11,17700.16735781,417.57,445.89,1384108553
1383497930,447.47,445,442.27,17806.2207563,417.57,445,1384108605
1383497997,447.47,442.28,442.29,17808.97394757,417.57,445,1384108672
1383498053,447.47,442.56,442.56,17803.10087867,417.57,445,1384108728
1383498112,447.47,443.11,442.56,17859.55406675,417.57,445,1384108787
1383498173,447.47,443.3,443.3,17977.6357364,417.57,445,1384108848
1383498233,447.47,443.29,443.11,18002.40107269,417.57,443.29,1384108908
1383498294,447.47,443.73,443.73,18002.33354974,417.57,445.52,1384108969
1383498416,447.47,443.73,443.73,18105.19624551,417.57,445.52,1384109091
1383498471,447.47,443.72,443.31,18103.9337026,417.57,443.8,1384109146
1383498533,447.47,443.72,443.72,18103.35678144,417.57,445.52,1384109208
1383498594,447.47,443.71,443.72,18131.08064919,417.57,445.52,1384109269
1383498654,447.47,443.71,443.71,18152.58560497,417.57,445.52,1384109329
1383498709,447.47,445.52,443.71,18226.47503571,417.57,445.52,1384109384
1383498773,447.47,445.53,443.68,18240.19053116,417.57,445.52,1384109448
1383498835,447.47,445.53,445.53,18246.58164445,417.57,445.84,1384109510
1383498900,447.47,443.67,443.68,18249.07660046,417.57,445.53,1384109575
1383498952,447.47,443.67,443.31,18262.78469501,417.57,443.67,1384109627
1383499015,447.47,444,444,18265.89167516,417.57,445.84,1384109690
1383499072,447.47,444.01,444,18271.06205765,417.57,444.02,1384109747
1383499134,447.47,444,444.01,18283.58665023,417.57,445.87,1384109809
1383499186,447.47,444,444.01,18282.53085833,417.57,445.87,1384109861
1383499261,447.47,444.01,444,18345.02232064,417.57,444.01,1384109936
1383499324,447.47,445.9,444.01,18352.38072019,417.57,444.89,1384109999
1383499346,447.47,444,444.01,18347.71152947,417.57,445.89,1384110021
1383499430,447.47,445.9,444,18348.80998241,417.57,445.89,1384110105
1383499502,447.47,444,444,18347.39975223,417.57,445.99,1384110177
1383499552,447.47,444.01,444.01,18346.88413667,417.57,445.99,1384110227
1383499613,447.47,444.01,444.01,18348.73383342,417.57,446.14,1384110288
1383499677,447.47,443.67,443.67,18320.34862646,417.57,443.93,1384110352
1383499735,447.47,443.6,442.26,18304.33839198,417.57,443.6,1384110410
1383499796,447.47,443.6,442.24,18312.015822,417.57,443.6,1384110471
1383499848,447.47,442.18,442.21,18310.47483702,417.57,443.6,1384110523
1383499907,447.47,443.67,442.17,18319.17979754,417.57,443.67,1384110582
1383499963,447.47,442.12,442.13,18316.35093189,417.57,442.95,1384110638
1383500032,447.47,442.95,442.12,18315.55589264,417.57,442.95,1384110707
1383500092,447.47,442.95,442.39,18314.79492687,417.57,442.95,1384110767
1383500158,447.47,443.67,443.5,18318.67185252,417.57,443.67,1384110833
1383500217,447.47,444,443.93,18318.88230623,417.57,444,1384110892
1383500278,447.47,444.83,444.62,18297.75152942,417.57,444.83,1384110953
1383500339,447.47,445.9,444.83,18292.78252942,417.57,445.9,1384111014
1383500398,447.47,445.9,444.82,18291.54749062,417.57,445.9,1384111073
1383500448,447.47,444.62,444.63,18290.58618129,417.57,445.9,1384111123
1383500513,447.47,444.61,444.61,18296.12348239,417.57,446.35,1384111188
1383500572,447.47,444.58,444.59,18303.37117638,417.57,446,1384111247
1383500632,447.47,444.56,444.58,18302.8761378,417.57,446.18,1384111307
1383500690,447.47,446.35,444.56,18302.38109934,417.57,446.34,1384111365
1383500752,447.47,445.5,444.54,18300.16315088,417.57,445.5,1384111427
1383500808,447.47,444.5,444.52,18291.13560242,417.57,446.94,1384111483
1383500869,447.47,447,444.5,18299.64106396,417.57,446.99,1384111544
1383500923,447.47,446.5,444.6,18260.28691359,417.57,446.5,1384111598
1383500983,447.47,446.69,445,18183.40214712,417.57,446.69,1384111658
1383501044,447.47,446.6,446.6,18150.80247314,417.57,446.69,1384111719
1383501104,447.47,446.54,446.05,18146.66436721,417.57,446.54,1384111779
1383501165,447.47,446.05,445.04,18067.96839238,417.57,446.05,1384111840
1383501226,447.47,446.2,446.05,18069.07091564,417.57,446.2,1384111901
1383501280,447.47,446.51,446.51,18070.28532335,417.57,446.54,1384111955
1383501342,447.47,446.54,446.51,18072.390285,417.57,446.54,1384112017
1383501402,447.47,446.3,446.3,18051.59167621,417.57,446.4,1384112077
1383501468,447.47,446.3,446.2,18066.97206245,417.57,446.3,1384112143
1383501520,447.47,446.1,446.05,18081.03746605,417.57,446.1,1384112195
1383501581,447.47,446,446,18011.95565944,417.57,446.04,1384112256
1383501641,447.47,445.04,445.05,17953.58371216,417.57,445.06,1384112316
1383501702,447.47,445,445,17949.64894857,417.57,445.04,1384112377
1383501763,447.47,444,444.01,17798.80162155,417.57,444.89,1384112438
1383501823,447.47,444.89,444,17799.8408158,417.57,444.99,1384112498
1383501889,447.47,443.89,443.5,17768.96208225,417.57,443.89,1384112564
1383501947,447.47,443.14,442.77,17757.040502,417.57,443.14,1384112622
1383502006,447.47,443.5,443.14,17757.03297617,417.57,443.49,1384112681
1383502078,447.47,443.5,443.5,17756.93674168,417.57,443.51,1384112753
1383502135,447.47,443.5,443.5,17724.09459236,417.57,443.51,1384112810
1383502306,447.47,441.99,440.29,17602.15464571,417.57,441.98,1384112981
1383502367,447.47,441.99,440.28,17567.39801143,417.57,441.99,1384113042
1383502428,447.47,440.21,440.22,17527.28539813,417.57,440.27,1384113103
1383502488,447.47,440.21,440.21,17525.28099876,417.57,441.89,1384113163
1383502547,447.47,441.89,440.21,17531.940892,417.57,441.89,1384113222
1383502608,447.47,441.75,440.29,17521.88136058,417.57,441.75,1384113283
1383502664,447.47,440,437.23,17474.40020373,417.57,440,1384113339
1383502722,447.47,439.98,437.21,17234.80199373,417.57,439.98,1384113397
1383502783,447.47,437.2,437.2,17157.45209936,417.57,439.49,1384113458
1383502827,447.47,439,436.45,17126.5778793,417.57,439.07,1384113502
1383502903,447.47,438.44,436.45,17122.77816938,417.57,438.44,1384113578
1383502961,447.47,438.44,438.44,17122.77816938,417.57,438.55,1384113636
1383503029,447.47,436.41,436.42,17129.92438942,417.57,438.56,1384113704
1383503089,447.47,436.39,436.4,17134.74826922,417.57,438.56,1384113764
1383503151,447.47,436.39,436.39,17137.88631003,417.57,438.56,1384113826
1383503271,447.47,436.39,436.39,17152.22726647,417.57,438.56,1384113946
1383503332,447.47,436.4,436.39,17151.87349291,417.57,438.47,1384114007
1383503393,447.47,436.38,436.38,17151.01509273,417.57,438.47,1384114068
1383503455,447.47,438.36,438.36,17150.28755858,417.57,438.47,1384114130
1383503516,447.47,438.36,438.36,17146.92307387,417.57,438.48,1384114191
1383503568,447.47,436.36,436.36,17146.77666343,417.57,438.48,1384114243
1383503630,447.47,437.31,437.31,17146.42254413,417.57,438.5,1384114305
1383503693,447.47,436.35,436.35,17145.27929707,417.57,438,1384114368
1383503759,447.47,436.35,436.35,17145.14298906,417.57,438,1384114434
1383503827,447.47,437.99,436.35,17144.79872069,417.57,437.99,1384114502
1383503872,447.47,436.34,436.34,17141.98271806,417.57,438,1384114547
1383503932,447.47,436.71,436.71,17139.44354056,417.57,438.77,1384114607
1383503985,447.47,436.71,436.71,17140.5897478,417.57,438.78,1384114660
1383504054,447.47,436.71,436.71,17140.35388596,417.57,438.79,1384114729
1383504110,447.47,436.71,436.71,17140.0000932,417.57,438.86,1384114785
1383504173,447.47,436.71,436.71,17139.64630044,417.57,438.87,1384114848
1383504230,447.47,436.71,436.71,17139.59721885,417.57,438.87,1384114905
1383504291,447.47,438,438,17142.84819877,417.57,438.94,1384114966
1383504361,447.47,437.12,436.71,17140.61492601,417.57,438,1384115036
1383504406,447.47,436.71,436.71,17138.06154551,417.57,437.99,1384115081
1383504469,447.47,436.71,436.71,17137.70775275,417.57,438,1384115144
1383504532,447.47,436.71,436.75,17138.73210091,417.57,438.98,1384115207
1383504582,447.47,436.71,436.71,17138.37946015,417.57,438.99,1384115257
1383504644,447.47,436.7,436.7,17138.02566739,417.57,439,1384115319
1383504705,447.47,436.2,436.2,17115.68753091,417.57,437.67,1384115380
1383504781,447.47,436.2,436.2,17114.83373815,417.57,437.67,1384115456
1383504842,447.47,436.2,436.2,17114.09787631,417.57,437.68,1384115517
1383504878,447.47,436.2,436.2,17113.34410275,417.57,437.69,1384115553
1383504947,447.47,436.19,436.19,17112.58068919,417.57,437.68,1384115622
1383505006,447.47,436.15,436.15,17112.32359101,417.57,436.19,1384115681
1383505059,447.47,436.19,436.19,17109.69296857,417.57,437.92,1384115734
1383505129,447.47,436.19,437.12,17122.35383129,417.57,437.93,1384115804
1383505191,447.47,436.19,436.19,17122.11798225,417.57,437.94,1384115866
1383505251,447.47,436.18,436.18,17122.83251417,417.57,437.94,1384115926
1383505305,447.47,436.18,436.18,17121.59666513,417.57,437.94,1384115980
1383505367,447.47,436.17,436.17,17121.42750098,417.57,437.94,1384116042
1383505427,447.47,436.16,436.16,17121.07372742,417.57,437.94,1384116102
1383505489,447.47,436.16,436.16,17138.06446485,417.57,437.8,1384116164
1383505544,447.47,436.16,436.16,17138.05040659,417.57,437.8,1384116219
1383505604,447.47,436.16,436.16,17135.07625392,417.57,437.8,1384116279
1383505667,447.47,437.12,436.16,17134.34040488,417.57,437.8,1384116342
1383505722,447.47,437.12,437.14,17135.23091318,417.57,437.8,1384116397
1383505791,447.47,437.74,437.74,17135.7674137,417.49,437.95,1384116466
1383505850,447.47,437.74,437.75,17135.99852732,417.49,437.95,1384116525
1383505909,447.47,437.74,437.74,17135.76260872,417.49,437.95,1384116584
1383505966,447.47,437.74,437.74,17136.90465761,417.49,437.76,1384116641
1383506027,447.47,437.74,437.74,17136.07613898,417.4,437.76,1384116702
1383506089,447.47,437.74,437.74,17129.79143238,417.4,437.76,1384116764
1383506151,447.47,437.12,436.16,17127.49905088,417.4,437.74,1384116826
1383506206,447.47,437.74,436.16,17127.64448668,417.4,437.74,1384116881
1383506260,447.47,436.16,436.16,17127.8014125,417.4,437.76,1384116935
1383506334,447.47,436.7,436.7,17126.9476306,417.4,437.75,1384117009
1383506395,447.47,436.15,436.15,17130.41606425,417.4,437.76,1384117070
1383506458,447.47,436.13,436.13,17129.42044184,417.4,437.87,1384117133
1383506519,447.47,436.33,436.33,17162.0727528,416.42,437.87,1384117194
1383506636,447.47,436.34,436.34,17266.77843883,416.42,437.95,1384117311
1383506696,447.47,436.34,436.34,17300.49887207,416.42,437.89,1384117371
1383506759,447.47,436.34,436.34,17314.44566278,416.42,437.9,1384117434
1383506819,447.47,437.9,436.71,17311.98788922,416.42,437.9,1384117494
1383506876,447.47,436.72,436.72,17347.35140703,416.42,437.9,1384117551
1383506940,447.47,436.72,436.72,17347.3136338,416.42,437.9,1384117615
1383506992,447.47,436.63,436.63,17356.06661508,416.42,437.9,1384117667
1383507053,447.47,436.63,436.63,17355.59911981,416.42,437.9,1384117728
1383507118,447.47,437.8,437.8,17356.96175837,416.42,437.9,1384117793
1383507173,447.47,437.8,437.8,17362.81705205,416.42,437.9,1384117848
1383507234,447.47,437.8,437.8,17364.3851916,416.42,437.9,1384117909
1383507297,447.47,437.8,437.8,17363.96896692,416.42,437.9,1384117972
1383507352,447.47,437.8,437.8,17364.69309054,416.42,437.9,1384118027
1383507413,447.47,437.8,437.8,17363.83928471,416.42,437.95,1384118088
1383507476,447.47,437.8,437.8,17385.44552876,416.42,437.95,1384118151
1383507535,447.47,437.8,437.8,17461.56861778,416.42,437.95,1384118210
1383507596,447.47,437.8,437.8,17448.36348364,416.42,437.95,1384118271
1383507655,447.47,437.8,437.8,17429.3440398,416.42,437.95,1384118330
1383507715,447.47,437.8,437.8,17427.38341987,416.42,437.95,1384118390
1383507778,447.47,437.8,436.62,17409.07902503,416.42,437.79,1384118453
1383507831,447.47,436.61,436.61,17408.6925884,416.42,437.8,1384118506
1383507893,447.47,436.52,436.52,17415.78381775,416.42,437.95,1384118568
1383507950,447.47,436.51,436.51,17500.06381056,416.42,437.8,1384118625
1383508018,447.47,436.51,436.51,17516.61185059,416.42,437.8,1384118693
1383508079,447.47,437.8,437.8,17526.00948388,416.42,437.95,1384118754
1383508138,447.47,437.95,437.8,17525.25013874,416.42,437.95,1384118813
1383508198,447.47,436.5,436.51,17526.36477071,416.42,437.8,1384118873
1383508252,447.47,437.8,436.51,17531.94511971,416.42,437.8,1384118927
1383508312,447.47,437.8,437.8,17518.72577315,416.42,437.94,1384118987
1383508367,447.47,436.31,436.31,17519.15531344,416.42,438,1384119042
1383508428,447.47,437,437,17519.10761408,416.42,438,1384119103
1383508487,447.47,437.1,437.1,17565.04105912,416.42,438,1384119162
1383508546,447.47,437.12,437.1,17580.8970991,416.42,438,1384119221
1383508609,447.47,437.8,437.8,17592.41133454,416.31,438.51,1384119284
1383508656,447.47,437.8,437.8,17591.3224685,416.29,438,1384119331
1383508718,447.47,438.52,438.52,17769.46930722,415.76,438.99,1384119393
1383508767,447.47,438.2,438.2,17773.00645766,415.76,438.52,1384119442
1383508850,447.47,438.52,438.52,17794.26945351,415.76,439.09,1384119525
1383508908,447.47,438.52,438.52,17806.38581596,415.76,439.09,1384119583
1383508967,447.47,439.09,439.09,17812.59323685,415.64,439.1,1384119642
1383509029,447.47,438.25,438.25,17829.75942155,415.16,439.09,1384119704
1383509091,447.47,439.09,439.09,17834.13550726,415.01,439.1,1384119766
1383509151,447.47,438.24,438.24,17820.1044176,415.01,439.1,1384119826
1383509207,447.47,439.03,439.03,17822.20713462,415.01,439.17,1384119882
1383509269,447.47,438.24,438.24,17822.28104626,414.99,439.16,1384119944
1383509325,447.47,438.24,438.24,17865.44611288,414.99,439.05,1384120000
1383509384,447.47,438.24,438.24,17869.94234983,413.98,439.07,1384120059
1383509447,447.47,438.23,438.23,17936.86526558,413.98,439.09,1384120122
1383509511,447.47,438.21,438.21,17956.89389375,413.94,439.1,1384120186
1383509567,447.47,438.21,438.21,18007.63243202,413.94,439.11,1384120242
1383509629,447.47,438.21,438.21,18007.39652734,413.94,439.13,1384120304
1383509690,447.47,438.2,438.2,18007.38853816,413.5,439.13,1384120365
1383509750,447.47,438,438,18007.52029615,413,439.14,1384120425
1383509811,447.47,438,438,18007.28439091,413,439.16,1384120486
1383509924,447.47,438,438,18011.49285221,411.55,439.18,1384120599
1383509978,447.47,439.22,438,18013.17959463,411.55,439.21,1384120653
1383510049,447.47,438,438,18016.09734816,411.55,438.19,1384120724
1383510112,447.47,438,438,18015.72047263,411.55,438.19,1384120787
1383510168,447.47,437.9,437.89,17981.89451799,410.85,437.9,1384120843
1383510230,447.47,437.86,437.36,17977.38908366,410.85,437.85,1384120905
1383510274,447.47,437.36,437.36,17975.41046169,410.85,437.87,1384120949
1383510342,447.47,437.9,437.36,17975.57077151,410.85,437.89,1384121017
1383510411,447.47,437.4,437.35,17944.63186968,410.85,437.4,1384121086
1383510471,447.47,436.08,436.08,17942.03006867,410.85,437.35,1384121146
1383510533,447.47,436.08,436.08,17942.42216895,410.85,437.37,1384121208
1383510587,447.47,436.29,436.29,17942.18604033,410.85,437.37,1384121262
1383510649,447.47,436.29,436.07,17934.07812553,410.85,436.29,1384121324
1383510711,447.47,436.29,436.29,17917.1507325,410.85,437.39,1384121386
1383510772,447.47,436.29,436.29,17911.9376508,410.85,437.4,1384121447
1383510829,447.47,436.29,436.29,17908.78419604,410.85,436.3,1384121504
1383510890,447.47,436.3,436.27,17904.7549599,410.85,436.3,1384121565
1383510951,447.47,436.07,436.25,17900.90770979,410.85,437.5,1384121626
1383511001,447.47,436.07,436.07,17897.60622657,410.85,437.47,1384121676
1383511070,447.47,436.05,436.06,17913.59280151,410.85,437,1384121745
1383511128,447.47,436.05,436.05,17903.13938093,410.85,436.95,1384121803
1383511190,447.47,436.06,436.06,17899.78474307,410.85,437.24,1384121865
1383511251,447.47,436.03,436.03,17902.219801,410.85,436.95,1384121926
1383511312,447.47,436.02,436.02,17902.12259965,410.85,436.94,1384121987
1383511367,447.47,436.02,436.02,17902.80250938,410.85,436.94,1384122042
1383511428,447.47,436.94,436.02,17909.37590822,410.85,436.94,1384122103
1383511493,447.47,436.02,436.02,17949.25074137,410.21,436.99,1384122168
1383511609,447.47,436.02,436.02,17956.13498345,410.21,437,1384122284
1383511668,447.47,436.02,436.02,17956.14279626,410.21,437.17,1384122343
1383511730,447.47,436.99,436.01,17962.38670907,410.2,436.99,1384122405
1383511792,447.47,436.99,435.99,17968.84439542,410.01,436.99,1384122467
1383511847,447.47,435.52,435.52,17980.19404754,406.92,436.99,1384122522
1383511909,447.47,435.51,435.51,17950.96219562,406.92,437.25,1384122584
1383511972,447.47,435.51,435.51,17999.01820503,406.92,437.47,1384122647
1383512032,447.47,437.48,435.5,18018.81097943,406.92,437.47,1384122707
1383512093,447.47,435.49,435.49,18024.57428745,406.92,437.49,1384122768
1383512153,447.47,435.49,435.49,18063.13065147,406.92,437.5,1384122828
1383512198,447.47,435.12,435.12,18071.64173362,406.92,437.67,1384122873
1383512267,447.47,435.15,435.15,18070.40718624,406.92,437.67,1384122942
1383512332,447.47,435.15,435.15,18099.32983503,406.92,437.67,1384123007
1383512387,447.47,435.15,435.15,18132.19827939,406.92,437.67,1384123062
1383512450,447.47,435.14,435.14,18156.93396735,406.92,437.69,1384123125
1383512510,447.47,436.51,436.51,18171.57561583,406.92,437.62,1384123185
1383512573,447.47,436.51,436.62,18208.80377578,406.92,437.63,1384123248
1383512628,447.47,436.53,436.53,18243.60780947,406.78,437.62,1384123303
1383512697,447.47,436.51,436.51,18295.40193092,406.78,436.53,1384123372
1383512752,447.47,435.6,435.53,18302.31774005,406.78,435.6,1384123427
1383512812,447.47,435.53,436.5,18320.45835188,406.77,436.52,1384123487
1383512869,447.47,436.52,436.07,18410.80014786,405.1,436.52,1384123544
1383512976,447.47,435.12,435.12,18410.61785917,405.1,435.13,1384123651
1383513055,447.47,436.85,436.85,18401.9717271,405.1,437.62,1384123730
1383513111,447.47,436.07,435.11,18407.09873132,405.1,436.06,1384123786
1383513175,447.47,435.09,435.09,18407.93755117,405.01,436.07,1384123850
1383513232,447.47,435.09,435.09,18451.4639522,405.01,436.07,1384123907
1383513298,447.47,436.09,435.05,18452.58968985,405,436.09,1384123973
1383513412,447.47,435.05,435.05,18458.47460841,403.1,436.1,1384124087
1383513476,447.47,435.05,435.05,18458.01583352,403.1,436.1,1384124151
1383513538,447.47,435.05,435.05,18461.97965026,403.1,436.1,1384124213
1383513598,447.47,435.05,435.05,18471.86623537,403.1,436.1,1384124273
1383513660,447.47,435.03,435.03,18513.67714302,401.35,436.1,1384124335
1383513715,447.47,434.45,434.45,18605.12239307,401.2,436.6,1384124390
1383513779,447.47,435.01,435.01,18605.16055376,401.2,436.6,1384124454
1383513835,447.47,435.02,435.02,18651.3641724,401.2,436.6,1384124510
1383513898,447.47,435.01,435.02,18685.40056512,401.2,436.6,1384124573
1383513953,447.47,435.01,434.39,18699.21551206,401.2,435.01,1384124628
1383514014,447.47,434.37,434.37,18775.1518208,401.2,436.75,1384124689
1383514078,447.47,434.35,435.13,18764.19329365,401.2,437.58,1384124753
1383514141,447.47,435.23,435.22,18834.29429351,401.2,437.61,1384124816
1383514201,447.47,435.23,435.22,18851.88317756,401.2,437.64,1384124876
1383514255,447.47,435.21,435.22,18851.53330329,401.2,437.65,1384124930
1383514317,447.47,435.2,435.2,18873.19413845,401.2,437.67,1384124992
1383514382,447.47,435.18,435.18,18874.4616057,401.2,437.71,1384125057
1383514421,447.47,435.18,435.8,18880.53254136,401.2,437.75,1384125096
1383514487,447.47,435.17,435.18,18964.39692144,401.2,437.76,1384125162
1383514542,447.47,435.16,436.12,18981.75193455,401.2,437.79,1384125217
1383514606,447.47,436.12,436.12,19014.08418944,401.2,437.82,1384125281
1383514669,447.47,436.12,436.12,19018.45618726,401.2,437,1384125344
1383514724,447.47,437.12,437.12,19054.81543898,401,437.86,1384125399
1383514785,447.47,435.14,436.12,19178.02376714,400,437.88,1384125460
1383514844,447.47,436.12,436.12,19548.13675479,399.99,437.92,1384125519
1383514908,447.47,436.9,436.12,19570.26262073,399.99,436.9,1384125583
1383514964,447.47,436.95,436.95,19992.94838856,399.99,437,1384125639
1383515025,447.47,435.01,435.01,20000.72139365,399.99,436.95,1384125700
1383515086,447.47,435,435.01,20021.04361481,399.99,436.97,1384125761
1383515147,447.47,436.98,434.18,20077.50490951,399.99,436.98,1384125822
1383515208,447.47,437,434.16,20077.26490951,399.99,436.98,1384125883
1383515269,447.47,435.99,434.15,20077.1207164,399.99,435.98,1384125944
1383515329,447.47,434.01,434.15,20078.59101113,399.99,435.99,1384126004
1383515393,447.47,434.02,434.02,20066.58192836,399.99,435.99,1384126068
1383515450,447.47,434.02,434.02,20105.54514354,399.99,436.12,1384126125
1383515572,447.47,434.01,434.49,20157.8875958,399.99,434.74,1384126247
1383515632,447.47,434.01,434.14,20149.27025627,399.99,434.74,1384126307
1383515692,447.47,435.02,435.02,20133.3514075,399.99,436.13,1384126367
1383515748,447.47,435.01,435.01,20266.76462281,399.99,436.01,1384126423
1383515808,447.47,435.01,435.01,20340.09224096,399.99,436.13,1384126483
1383515866,447.47,436,436,20352.57029845,399.99,436.13,1384126541
1383515929,447.47,435,435,20352.13463356,399.99,436,1384126604
1383515990,447.47,435,435.01,20368.47390912,399.99,436,1384126665
1383516049,447.47,435.24,435.24,20374.07234587,399.99,435.34,1384126724
1383516107,447.47,436,436,20441.97166757,399.99,436.13,1384126782
1383516167,447.47,436.51,436.51,20475.69917488,399.99,437.95,1384126842
1383516227,447.47,436.51,436.51,20495.54732318,399.99,437.95,1384126902
1383516289,447.47,436.51,436.51,20518.14646973,399.99,437.95,1384126964
1383516347,447.47,436.51,436.51,20530.10847393,399.99,437.96,1384127022
1383516407,447.47,436.67,436.67,20537.07693309,399.99,437.97,1384127082
1383516466,447.47,436.67,436.67,20587.40016793,399.99,437.99,1384127141
1383516528,447.47,436.67,436.67,20602.17989417,399.99,437.99,1384127203
1383516587,447.47,436.66,436.67,20627.10471775,399.99,437.99,1384127262
1383516649,447.47,436.66,436.66,20647.50877498,399.99,437.99,1384127324
1383516708,447.47,436.65,436.66,20690.68491217,399.99,437.99,1384127383
1383516767,447.47,436.65,436.65,20794.60563226,399.99,437.99,1384127442
1383516832,447.47,436.64,436.64,20819.45358385,399.99,437.99,1384127507
1383516892,447.47,436.61,437.93,20929.47521879,399.99,437.99,1384127567
1383516952,447.47,436.67,436.67,20921.20572299,399.99,437.93,1384127627
1383517011,447.47,436.67,436.67,20939.97630804,399.99,437.94,1384127686
1383517073,447.47,436.68,436.67,20997.94077485,399.99,437.94,1384127748
1383517128,447.47,436.65,436.65,21048.59056396,399.99,437.98,1384127803
1383517191,447.47,436.65,436.64,21049.31824471,399.99,436.65,1384127866
1383517252,447.47,436.65,436.65,21219.86294043,399.99,437.99,1384127927
1383517313,447.47,436.63,436.63,21233.54068271,399.99,437.99,1384127988
1383517371,447.47,436.61,436.61,21247.99674943,399.99,438.59,1384128046
1383517429,447.47,438.65,436.55,21260.85696305,399.99,438.65,1384128104
1383517483,447.47,436.61,436.61,21303.69548818,399.99,438.75,1384128158
1383517549,447.47,436.54,436.54,21434.37886164,399.99,437.31,1384128224
1383517618,447.47,436.53,436.53,21464.35539858,399.99,437.31,1384128293
1383517678,447.47,436.53,436.53,21498.23741664,399.99,437.31,1384128353
1383517737,447.47,436.89,436.89,21584.49543984,399.99,437.31,1384128412
1383517795,447.47,437.3,436.51,21619.01157921,399.99,436.52,1384128470
1383517854,447.47,436.53,436.51,21645.2297043,399.99,437.3,1384128529
1383517912,447.47,437.31,437.31,21694.6134581,399.99,439.24,1384128587
1383517971,447.47,437.01,437.3,21748.75952246,399.99,439.26,1384128646
1383518031,447.47,437.01,437.01,21821.76299095,399.99,439.29,1384128706
1383518097,447.47,437.01,437.01,21895.12607497,399.99,439.39,1384128772
1383518157,447.47,436.51,436.52,22056.9193196,399.99,436.89,1384128832
1383518217,447.47,439.49,436.52,22214.34870207,399.99,439.49,1384128892
1383518277,447.47,438.84,437.35,22631.37710916,398.96,438.84,1384128952
1383518335,447.47,437.35,437.35,22857.89974926,391.21,438.99,1384129010
1383518393,447.47,437.3,437.3,23249.79404707,390,437.31,1384129068
1383518451,447.47,437.3,437.3,23422.53769957,390,439.75,1384129126
1383518517,447.47,437.39,437.28,23613.88437048,390,437.4,1384129192
1383518577,447.47,437.38,437.4,24223.82252593,390,439.84,1384129252
1383518635,447.47,437.35,437.35,24495.09834719,390,439.84,1384129310
1383518695,447.47,439.85,437.28,24560.11560214,390,439.85,1384129370
1383518752,447.47,437.25,437.25,24850.91835927,390,439.85,1384129427
1383518933,447.47,437.17,437.17,25248.57022978,390,439.85,1384129608
1383518996,447.47,437.13,437.13,25366.51169513,390,439.86,1384129671
1383519054,447.47,439.87,437.11,25441.56623181,390,439.87,1384129729
1383519114,447.47,437.1,437.1,25540.84218793,390,438.21,1384129789
1383519172,447.47,436.82,436.82,25716.27373128,390,438.21,1384129847
1383519231,447.47,438.45,438.45,25798.12209119,390,439.07,1384129906
1383519298,447.47,436.78,436.78,25832.01635434,390,438.43,1384129973
1383519359,447.47,437.89,437.89,25859.13893505,390,438.45,1384130034
1383519416,447.47,438.45,438.45,25871.45408342,390,438.48,1384130091
1383519475,447.47,438.45,438.45,25973.05294977,390,438.48,1384130150
1383519534,447.47,438.48,438.48,26040.26844748,390,439.06,1384130209
1383519593,447.47,439.07,439.07,26049.26976009,390,439.1,1384130268
1383519660,447.47,439.1,439.07,26044.33647309,390,439.1,1384130335
1383519719,447.47,439.07,439.07,26065.27616303,390,439.1,1384130394
1383519778,447.47,440,439.07,26122.69053211,390,440,1384130453
1383519824,447.47,439.07,439.07,26236.18836423,390,440.63,1384130499
1383519885,447.47,439.07,439.07,26260.59528211,390,440,1384130560
1383519944,447.47,440.65,440.07,26303.19798519,390,440.64,1384130619
1383520008,447.47,440.66,440.65,26299.12398124,390,440.66,1384130683
1383520068,447.47,440.03,440.03,26296.95861107,390,440.65,1384130743
1383520125,447.47,440.58,440,26300.00944841,390,440.58,1384130800
1383520250,447.47,440,440.01,26291.96140867,390,440.3,1384130925
1383520307,447.47,440,440,26287.84805592,390,440.3,1384130982
1383520359,447.47,439.02,439.02,26228.67728483,390,439.98,1384131034
1383520403,447.47,439.01,439.01,26218.12900428,390,439.97,1384131078
1383520480,447.47,436.9,438.4,26214.06333248,390,439.96,1384131155
1383520507,447.47,438.35,438.38,26211.33374777,390,439.98,1384131182
1383520597,447.47,440.32,438.21,26256.14600866,390,440,1384131272
1383520720,447.47,440,440,26235.47006259,390,440.02,1384131395
1383520788,447.47,437.55,437.55,26236.55827031,390,439.99,1384131463
1383520847,447.47,439.36,439,26085.98780197,390,439.36,1384131522
1383520900,447.47,439.37,437.45,26082.9113659,390,439,1384131575
1383520966,447.47,439.37,439.37,26111.85465139,390,439.42,1384131641
1383521035,447.47,437.45,437.45,26110.12913188,390,439.37,1384131710
1383521096,447.47,439.91,439.91,26104.01980068,390,439.92,1384131771
1383521156,447.47,439.94,437.01,26102.96133762,390,439.94,1384131831
1383521214,447.47,436.98,436.99,26099.49866351,390,439.99,1384131889
1383521264,447.47,439.99,436.52,26095.52128311,390,439.99,1384131939
1383521330,447.47,439,436.24,26100.05890595,390,438.98,1384132005
1383521397,447.47,438.99,436.21,26132.75399829,390,438.99,1384132072
1383521455,447.47,436.77,436.04,26132.34946664,390,436.77,1384132130
1383521514,447.47,439.99,436.77,26134.88414559,390,439.99,1384132189
1383521579,447.47,440,436.77,26137.90525189,390,439.99,1384132254
1383521635,447.47,435.1,435.09,26078.33330391,390,435.1,1384132310
1383521695,447.47,435.01,438,26040.83142488,390,438.17,1384132370
1383521759,447.47,435,435,26050.83951488,390,438.17,1384132434
1383521819,447.47,434,436.65,25600.17921337,390,437.74,1384132494
1383521875,447.47,435,435,25598.21270526,390,437.96,1384132550
1383521939,447.47,436.01,435.76,25498.63854816,390,436.01,1384132614
1383522003,447.47,436.22,436.22,25459.21345708,390,436.37,1384132678
1383522059,447.47,436.34,436.34,25461.87741297,390,436.37,1384132734
1383522103,447.47,436.22,436.22,25462.43894995,390,436.34,1384132778
1383522169,447.47,436.22,436.22,25457.9117689,390,436.25,1384132844
1383522227,447.47,435.99,435,25456.0882592,390,435.99,1384132902
1383522284,447.47,436,435,25418.35568343,390,435.99,1384132959
1383522346,447.47,436,432.2,25416.50568343,390,435.97,1384133021
1383522406,447.47,435.97,431.98,25347.96106699,390,434.6,1384133081
1383522463,447.47,435.35,435.35,25277.87535415,390,435.89,1384133138
1383522526,447.47,434.91,432.01,25213.91209632,390,434.91,1384133201
1383522589,447.47,433,432.01,25205.74032326,390,433,1384133264
1383522646,447.47,433,432.01,25221.18264419,390,433,1384133321
1383522704,447.47,433,432.01,25223.28954468,390,433,1384133379
1383522768,447.47,433.37,432.01,25238.57815381,390,433.19,1384133443
1383522830,447.47,433.37,433.19,25240.22815381,390,433.37,1384133505
1383522886,447.47,432,431.51,25255.33492283,390,432,1384133561
1383522948,447.47,433.19,432.5,25254.76984246,390,433.19,1384133623
1383523004,447.47,432.5,432,25249.32566637,390,432.5,1384133679
1383523064,447.47,432,431.5,25236.89411524,390,432,1384133739
1383523128,447.47,431.65,431.65,25221.76154601,390,432,1384133803
1383523189,447.47,431.5,431.01,25195.69921728,390,431.49,1384133864
1383523249,447.47,431.01,431.01,25195.97857485,390,431.5,1384133924
1383523305,447.47,431.6,431,25188.26234247,390,431.5,1384133980
1383523365,447.47,431.65,431.01,25190.74293742,390,431.6,1384134040
1383523427,447.47,431.02,431.01,25189.84273742,390,431.65,1384134102
1383523485,447.47,431.82,431.02,25189.55035651,390,431.82,1384134160
1383523549,447.47,431.82,431.02,25228.15507217,390,431.82,1384134224
1383523607,447.47,431.82,431.02,25232.35225386,390,431.82,1384134282
1383523671,447.47,431.83,431.02,25275.76336101,390,431.83,1384134346
1383523728,447.47,431.02,431.02,25274.94862857,390,431.83,1384134403
1383523785,447.47,431.83,431.01,25274.51985658,390,431.83,1384134460
1383523848,447.47,431.82,431.01,25320.07966832,390,431.83,1384134523
1383524026,447.47,431,431,25314.77768079,390,431.82,1384134701
1383524087,447.47,430.66,430.6,25334.34539109,390,430.66,1384134762
1383524150,447.47,430.66,430.61,25368.74973109,390,430.66,1384134825
1383524206,447.47,431.88,430.66,25388.18614168,390,431.86,1384134881
1383524267,447.47,430.6,430.6,25393.76084818,390,431.88,1384134942
1383524327,447.47,430.6,430.64,25451.15095741,390,431.88,1384135002
1383524446,447.47,430.6,430.6,25498.93763566,390,431.91,1384135121
1383524509,447.47,430.62,430.6,25514.84696756,390,430.62,1384135184
1383524570,447.47,430.63,430.62,25519.51807709,390,431.95,1384135245
1383524633,447.47,430.63,430.62,25562.55691967,390,431.99,1384135308
1383524690,447.47,430.63,430.63,25630.12862346,390,431.98,1384135365
1383524756,447.47,430.61,430.62,25691.76401349,390,431.99,1384135431
1383524811,447.47,431.99,430.61,25705.34401349,390,431.99,1384135486
1383524874,447.47,431.99,430.63,25715.58845024,390,431.99,1384135549
1383524935,447.47,431.99,430.63,25715.89787834,390,431.99,1384135610
1383524999,447.47,431.99,430.61,25728.19133827,390,431.99,1384135674
1383525055,447.47,431,431,25765.82540164,390,431.65,1384135730
1383525117,447.47,431.01,431.01,25812.52449281,390,431.65,1384135792
1383525173,447.47,431.65,431,25814.32646626,390,431.65,1384135848
1383525236,447.47,431,431,25866.02244101,390,431.65,1384135911
1383525297,447.47,431.3,431,25972.4829699,390,431.3,1384135972
1383525357,447.47,432,431.65,26088.38944105,390,432,1384136032
1383525415,447.47,432,431.3,26100.37456105,390,432,1384136090
1383525480,447.47,431,431,26111.3013999,390,431.65,1384136155
1383525535,447.47,431.65,430.61,26136.88358436,390,431.65,1384136210
1383525599,447.47,432,431.65,26205.2783554,390,432,1384136274
1383525656,447.47,432,431.65,26305.44798806,390,432,1384136331
1383525721,447.47,432,430.79,26419.71671366,390,432,1384136396
1383525777,447.47,433.18,430.79,26736.04777209,390,433.18,1384136452
1383525841,447.47,433.23,430.79,27364.8929293,390,433.22,1384136516
1383525897,447.47,430.82,430.81,27994.78554843,390,430.82,1384136572
1383525959,447.47,432.13,433.13,28307.4205199,390,433.37,1384136634
1383526020,447.47,433.55,430.81,28307.00146979,390,433.39,1384136695
1383526081,447.47,431.11,430.79,28325.22588321,390,431,1384136756
1383526138,447.47,431.22,431.23,28405.03019191,390,433.57,1384136813
1383526200,447.47,433.58,431.34,28447.02590442,390,433.58,1384136875
1383526262,447.47,433.58,433.58,28487.74080038,390,433.59,1384136937
1383526318,447.47,433.59,431.32,28687.74495566,390,433.58,1384136993
1383526380,447.47,433.11,431.32,28699.01364992,390,433.59,1384137055
1383526442,447.47,433.7,433.11,28739.36297718,390,433.56,1384137117
1383526489,447.47,433.7,433,28793.96452633,390,433.6,1384137164
1383526546,447.47,433.7,432.5,28814.57956771,390,433.6,1384137221
1383526608,447.47,431.31,431.31,28896.54660421,390,433.7,1384137283
1383526666,447.47,433.8,431.18,28889.97025425,390,433.8,1384137341
1383526724,447.47,433.9,431.15,28977.55072067,390,433.83,1384137399
1383526800,447.47,433.9,431.11,29017.28758662,390,433.84,1384137475
1383526847,447.47,433.9,433.9,29016.64164815,390,433.94,1384137522
1383526909,447.47,431.02,431.02,29010.57826568,390,433.9,1384137584
1383526965,447.47,433.94,431.02,29011.30332758,390,433.94,1384137640
1383527028,447.47,433.95,431.01,29012.31832758,390,433.95,1384137703
1383527095,447.47,433.95,433.94,29395.94212765,390,433.95,1384137770
1383527155,447.47,433.95,433.94,29394.93510521,390,433.95,1384137830
1383527210,447.47,433.94,433.75,29390.22100105,390,433.94,1384137885
1383527273,447.47,433.75,430.15,29370.14798105,390,433.75,1384137948
1383527334,447.47,433.75,430,29372.68077346,390,433.75,1384138009
1383527396,447.47,433.75,430,29391.40897759,390,433.75,1384138071
1383527458,447.47,433.76,431.8,29391.53904533,390,433.76,1384138133
1383527520,447.47,431.8,431,29365.9711806,390,431.8,1384138195
1383527581,447.47,431.8,430.5,29366.66124384,390,431.8,1384138256
1383527624,447.47,431.8,430.5,29424.18587211,390,431.79,1384138299
1383527684,447.47,433.16,433.1,29440.93094527,390,433.15,1384138359
1383527747,447.47,431.8,431.8,29442.17215885,390,432,1384138422
1383527808,447.47,431.8,430.01,29442.74615885,390,431.8,1384138483
1383527862,447.47,431.9,430.02,29481.4654788,390,431.88,1384138537
1383527927,447.47,431.9,430.01,29485.89333501,390,431.89,1384138602
1383527989,447.47,431.95,430.01,29486.73291893,390,431.9,1384138664
1383528031,447.47,431.95,430.01,29486.97394085,390,431.95,1384138706
1383528108,447.47,431.95,430.01,29498.35496277,390,431.95,1384138783
1383528171,447.47,432,430,29498.56703535,390,432,1384138846
1383528228,447.47,430,430,29499.35902031,390,433.19,1384138903
1383528290,447.47,432,431,29457.93439438,390,432,1384138965
1383528352,447.47,433.26,430,29462.40644683,390,433.26,1384139027
1383528406,447.47,433.28,430.21,29353.10056876,390,433.27,1384139081
1383528469,447.47,433.28,430.21,29364.67887749,390,433.28,1384139144
1383528530,447.47,433.28,430.21,29364.86397749,390,433.28,1384139205
1383528591,447.47,430.21,430.21,29365.14365749,390,430.3,1384139266
1383528653,447.47,430.3,430.21,29428.42072952,390,430.3,1384139328
1383528715,447.47,430.3,430.21,29432.00929389,390,430.3,1384139390
1383528772,447.47,430.3,430.21,29432.65019389,390,430.3,1384139447
1383528833,447.47,430.3,430.21,29432.66621063,390,430.3,1384139508
1383528896,447.47,430.3,430.21,29466.67935027,390,430.3,1384139571
1383528952,447.47,430.3,430.21,29494.66935027,390,430.3,1384139627
1383529013,447.47,430.3,430.21,29507.47691068,390,430.3,1384139688
1383529075,447.47,433.3,430.3,29507.37691068,390,433.3,1384139750
1383529136,447.47,433.3,430.04,29552.27345818,390,433.3,1384139811
1383529195,447.47,430,430.04,29551.17720818,390,433.3,1384139870
1383529256,447.47,430.04,430.04,29390.20218847,390,433.8,1384139931
1383529317,447.47,433.3,430.04,29414.35035796,390,433.3,1384139992
1383529374,447.47,431,431.01,29408.78147429,390,433.3,1384140049
1383529436,447.47,431,431,29403.13953241,390,433.3,1384140111
1383529500,447.47,431.31,431.31,29377.22639029,390,433.28,1384140175
1383529555,447.47,431,431,29376.96918561,390,431.31,1384140230
1383529618,447.47,431,431,29368.68918561,390,431.31,1384140293
1383529677,447.47,431,431.01,29324.85016872,390,431.31,1384140352
1383529739,447.47,431,431,29405.94961765,390,431.31,1384140414
1383529795,447.47,431.04,431.04,29360.12320225,390,431.31,1384140470
1383529857,447.47,433.28,431.31,29360.05909649,390,433.28,1384140532
1383529919,447.47,433.28,431.31,29405.73047907,390,433.28,1384140594
1383529981,447.47,433.31,433.28,29456.77918255,390,433.31,1384140656
1383530041,447.47,433.31,433.28,29735.641411,390,433.31,1384140716
1383530102,447.47,433.31,433.31,30034.90366865,390,433.33,1384140777
1383530157,447.47,433.02,431.15,30034.0567195,390,433.31,1384140832
1383530218,447.47,433.02,431.15,30041.36667789,390,433.31,1384140893
1383530281,447.47,433.02,431.05,30071.94667789,390,433.32,1384140956
1383530341,447.47,433.33,433.17,30137.70919933,390,433.33,1384141016
1383530401,447.47,433.33,433.33,30139.31129853,390,433.99,1384141076
1383530460,447.47,433.33,431.02,30138.85066387,390,433.33,1384141135
1383530517,447.47,433.33,432,30128.70199755,390,433.33,1384141192
1383530564,447.47,434,432,30159.1436901,390,433.33,1384141239
1383530624,447.47,434,432,30159.1436901,390,433.33,1384141299
1383530671,447.47,434,432,30159.96297184,390,433.33,1384141346
1383530744,447.47,434,432,30177.45706859,390,433.33,1384141419
1383530808,447.47,434,431.6,30181.82077753,390,434,1384141483
1383530864,447.47,434,431.56,30183.82077753,390,434,1384141539
1383530924,447.47,434.5,431.55,30190.06577792,390,434,1384141599
1383530978,447.47,434.5,431.54,30354.90706227,390,434,1384141653
1383531047,447.47,434.5,431.51,30356.94882982,390,434.5,1384141722
1383531103,447.47,434.96,431.06,30406.41146999,390,434.96,1384141778
1383531137,447.47,433.53,431.05,30361.12206564,390,433.53,1384141812
1383531225,447.47,431.05,431.04,30336.68161056,390,431.05,1384141900
1383531286,447.47,433.49,432,30351.4194848,390,433.49,1384141961
1383531333,447.47,433.53,432.01,30352.52833215,390,433.53,1384142008
1383531402,447.47,433.41,433.29,30353.61434962,390,433.41,1384142077
1383531465,447.47,433.41,433.29,30425.83083365,390,433.41,1384142140
1383531525,447.47,433.41,433.29,30453.33968658,390,433.41,1384142200
1383531586,447.47,433.41,433.29,30452.44296775,390,433.41,1384142261
1383531647,447.47,433.41,433.29,30451.60379886,390,433.41,1384142322
1383531701,447.47,433.53,433.41,30461.90493217,390,433.53,1384142376
1383531764,447.47,433.53,433.41,30462.40968379,390,433.53,1384142439
1383531815,447.47,433.99,433.53,30462.94247689,390,433.99,1384142490
1383531891,447.47,433.65,433.53,30490.67034318,390,433.65,1384142566
1383531950,447.47,433.99,433.65,30525.77434695,390,433.99,1384142625
1383532005,447.47,433.99,433.98,30516.50484287,390,433.99,1384142680
1383532068,447.47,433.99,433.98,30517.50484287,390,433.99,1384142743
1383532129,447.47,433.99,433.98,30518.39396604,390,433.99,1384142804
1383532191,447.47,433.99,433.65,30518.93570604,390,433.99,1384142866
1383532246,447.47,433.99,433.65,30564.80495873,390,433.99,1384142921
1383532313,447.47,434,433.65,30569.18160385,390,434,1384142988
1383532370,447.47,434.97,434,30568.77035659,390,434.97,1384143045
1383532432,447.47,434.97,434,30604.32835659,390,434.97,1384143107
1383532492,447.47,434.97,434,30604.32835659,390,434.97,1384143167
1383532551,447.47,434.98,434,30603.77572078,390,434.98,1384143226
1383532613,447.47,434.98,434,30604.37583857,390,434.98,1384143288
1383532673,447.47,433.02,434,30604.25783857,390,434.98,1384143348
1383532719,447.47,434.98,434,30609.21606747,390,434.98,1384143394
1383532786,447.47,434.01,434.01,30638.41700389,390,434.96,1384143461
1383532841,447.47,434.96,434,30632.71154408,390,434.96,1384143516
1383532901,447.47,432.59,432.59,30610.35584078,390,434,1384143576
1383532967,447.47,434,432.59,30605.84777474,390,434,1384143642
1383533021,447.47,433.99,431.3,30628.94709474,390,433.98,1384143696
1383533076,447.47,434.99,431.3,30634.93120276,390,433.99,1384143751
1383533134,447.47,434.99,431.3,30640.83120276,390,433.99,1384143809
1383533205,447.47,434.99,431.1,30644.56488142,390,434,1384143880
1383533265,447.47,433,431,30642.17113789,390,433,1384143940
1383533329,447.47,431.01,431.01,30668.69825743,390,433,1384144004
1383533391,447.47,435,432,30655.47485356,390,435,1384144066
1383533451,447.47,434,434,30559.26781214,390,434.49,1384144126
1383533513,447.47,434.49,434,30600.29580875,390,434.49,1384144188
1383533573,447.47,431.82,431.82,30589.56097875,390,434.49,1384144248
1383533633,447.47,434.5,433.96,30586.07927711,390,434.5,1384144308
1383533695,447.47,433.96,433.96,30584.83415247,390,434.5,1384144370
1383533755,447.47,433.96,433.96,30588.25145499,390,435,1384144430
1383533816,447.47,435.98,434.31,30572.68838863,390,435.97,1384144491
1383533876,447.47,434.32,434.31,30572.82001251,390,435.98,1384144551
1383533935,447.47,435.99,434.33,30577.67060285,390,435.99,1384144610
1383533994,447.47,434.34,434.32,30671.37191951,390,434.34,1384144669
1383534119,447.47,434.34,434.32,30738.52136951,390,434.34,1384144794
1383534174,447.47,434.99,434.85,30782.38753853,390,436.22,1384144849
1383534235,447.47,435.84,434.85,30784.25249856,390,435,1384144910
1383534297,447.47,434.32,436.93,30786.66204419,390,437.09,1384144972
1383534356,447.47,436.93,436.93,30794.61628529,390,437.1,1384145031
1383534415,447.47,437.28,434.31,30793.81128605,390,437.28,1384145090
1383534477,447.47,434.32,434.32,30790.93492871,390,434.33,1384145152
1383534537,447.47,434.33,434.33,30793.88258554,390,434.53,1384145212
1383534598,447.47,437.5,434.32,30801.05202176,390,437.49,1384145273
1383534659,447.47,437.5,434.31,30801.05202176,390,437.5,1384145334
1383534714,447.47,437.59,434.31,30800.81932675,390,437.5,1384145389
1383534780,447.47,437.59,434.31,30813.91708007,390,437.57,1384145455
1383534836,447.47,435,434.1,30819.40061311,390,435,1384145511
1383534896,447.47,435,434.05,30815.57376254,390,435,1384145571
1383534958,447.47,434.05,434.05,30763.51992424,390,435,1384145633
1383535017,447.47,435,434.05,30753.45830072,390,435,1384145692
1383535075,447.47,435,434.05,30757.09892664,390,435,1384145750
1383535135,447.47,434.02,434.11,30747.74055016,390,435,1384145810
1383535196,447.47,435,434.86,30612.42249907,390,435,1384145871
1383535257,447.47,439,435,30528.88576588,390,439,1384145932
1383535322,447.47,439.5,437.03,30394.39469527,390,439.4,1384145997
1383535376,447.47,439.6,437.03,30394.22982611,390,439.59,1384146051
1383535437,447.47,439.85,437.24,30379.22609545,390,439.6,1384146112
1383535497,447.47,439,439,30346.4605687,390,439.83,1384146172
1383535550,447.47,437.23,437.23,30346.44995023,390,439,1384146225
1383535622,447.47,439.84,439.84,30323.08942766,390,439.85,1384146297
1383535675,447.47,439.85,437.23,30317.81784275,390,439.84,1384146350
1383535742,447.47,439.85,437.02,30328.80784275,390,439.85,1384146417
1383535795,447.47,437.26,437.02,30332.26364275,390,439.86,1384146470
1383535858,447.47,437.26,437.02,30336.76981275,390,437.26,1384146533
1383535918,447.47,439.88,437.27,30338.00981275,390,439.87,1384146593
1383535980,447.47,437.27,437.27,30371.08936746,390,439.89,1384146655
1383536041,447.47,439.9,437.26,30345.09459143,390,439.89,1384146716
1383536101,447.47,437.25,437.26,30345.10571893,390,439.9,1384146776
1383536147,447.47,437.25,437.26,30372.55860064,390,439.9,1384146822
1383536207,447.47,437.25,437.26,30373.65630319,390,439.9,1384146882
1383536267,447.47,439.97,437.25,30436.31488039,390,439.95,1384146942
1383536330,447.47,439.97,437.25,30438.0329649,390,439.97,1384147005
1383536384,447.47,439.63,439.63,30405.50600503,390,439.87,1384147059
1383536447,447.47,437,437,30405.07652857,390,439.63,1384147122
1383536509,447.47,439.95,439.95,30407.80303474,390,439.96,1384147184
1383536569,447.47,439.63,439.63,30440.74363441,390,439.96,1384147244
1383536624,447.47,439.98,439.63,30531.44662486,390,439.98,1384147299
1383536684,447.47,439.98,439.63,30531.62662486,390,439.98,1384147359
1383536746,447.47,439.99,437.25,30536.16890168,390,439.63,1384147421
1383536805,447.47,437,437,30448.19043873,390,439.96,1384147480
1383536866,447.47,439.96,439.96,30449.65600747,390,439.99,1384147541
1383536926,447.47,437.5,437.51,30445.7437665,390,439.97,1384147601
1383536986,447.47,438.23,438.23,30436.72641014,390,439.98,1384147661
1383537045,447.47,439.99,438.5,30440.24675086,390,439.99,1384147720
1383537104,447.47,438.2,438.21,30405.83969106,390,439.48,1384147779
1383537165,447.47,438.5,438.5,30468.39773092,390,439.49,1384147840
1383537226,447.47,439.5,438.5,30473.49772344,390,439.5,1384147901
1383537284,447.47,439.5,439.48,30475.30663716,390,439.5,1384147959
1383537345,447.47,439.48,439.48,30458.6040889,390,439.5,1384148020
1383537410,447.47,439.48,439.48,30464.48845298,390,439.5,1384148085
1383537470,447.47,439.48,439.48,30468.47454518,390,439.5,1384148145
1383537531,447.47,439.5,439.48,30510.32939931,390,439.5,1384148206
1383537591,447.47,439.49,439.48,30498.04389218,390,439.49,1384148266
1383537652,447.47,439.48,439.48,30483.36541036,390,439.49,1384148327
1383537713,447.47,439.44,438.04,30494.4913888,390,439.49,1384148388
1383537775,447.47,439.44,438.03,30540.28398775,390,439.44,1384148450
1383537832,447.47,438.02,438.02,30539.02619987,390,439.44,1384148507
1383537893,447.47,438.01,438.01,30539.84777868,390,439.44,1384148568
1383537951,447.47,438.02,438.02,30549.60159909,390,439.5,1384148626
1383538010,447.47,439.44,439,30546.48913562,390,439.44,1384148685
1383538070,447.47,438.01,438.01,30712.72731196,390,439.44,1384148745
1383538133,447.47,438.01,438.01,30780.86784483,390,439.44,1384148808
1383538193,447.47,438.01,438.01,30936.86432823,390,439.44,1384148868
1383538255,447.47,439.45,438.01,30939.46673365,390,439.45,1384148930
1383538315,447.47,438.22,438.01,30973.57226675,390,438.22,1384148990
1383538376,447.47,438.22,438.01,30973.7033035,390,438.22,1384149051
1383538435,447.47,438.01,438.01,30996.0741895,390,438.21,1384149110
1383538497,447.47,438.01,438,30956.16852933,390,438.01,1384149172
1383538556,447.47,438.01,438,30962.7443043,390,438.01,1384149231
1383538615,447.47,437.04,437.04,30961.74583199,390,438,1384149290
1383538674,447.47,438.22,438.01,30940.99103712,390,438.22,1384149349
1383538738,447.47,438.9,438.22,30941.61267712,390,438.3,1384149413
1383538800,447.47,438.9,438.9,30939.80800172,390,439,1384149475
1383538858,447.47,438.22,438.91,30938.16267712,390,439,1384149533
1383538922,447.47,438.22,438.9,30956.15517882,390,439,1384149597
1383538979,447.47,438.22,438.22,30962.19517882,390,439.39,1384149654
1383539038,447.47,439.42,438.22,30959.05805732,390,439.39,1384149713
1383539098,447.47,439.26,437.06,30969.63282616,390,439.21,1384149773
1383539162,447.47,439.26,437.02,30975.13624413,390,439.25,1384149837
1383539220,447.47,438,437,30833.02191831,390,438,1384149895
1383539338,447.47,438.68,437,30844.08836831,390,438.67,1384150013
1383539397,447.47,438.68,437,30844.1071777,390,438.68,1384150072
1383539461,447.47,437,436.99,30983.37459523,390,437,1384150136
1383539505,447.47,437,437,31031.02997992,390,438.67,1384150180
1383539568,447.47,438.69,437.06,31030.89874918,390,438.69,1384150243
1383539637,447.47,437,437.05,31051.32106421,390,438.69,1384150312
1383539688,447.47,438.7,438,31080.69623296,390,438.69,1384150363
1383539758,447.47,438.7,438,31124.52997723,390,438.7,1384150433
1383539815,447.47,437.4,437,31106.53335581,390,438.36,1384150490
1383539871,447.47,437.4,437,31118.07909591,390,437.4,1384150546
1383539940,447.47,437,436.99,31177.89794217,390,437,1384150615
1383539997,447.47,436.18,436.19,31178.44028734,390,437,1384150672
1383540062,447.47,436.18,436.18,31176.43923264,390,437,1384150737
1383540106,447.47,436.75,436.18,31146.32694028,390,436.75,1384150781
1383540169,447.47,436.18,436.18,31144.91225595,390,436.75,1384150844
1383540235,447.47,437,436.18,31140.50846914,390,437,1384150910
1383540299,447.47,437.49,436.18,31141.26051705,390,437.49,1384150974
1383540355,447.47,437.91,436.18,31141.75442233,390,437.5,1384151030
1383540417,447.47,437.93,436.18,31140.13623785,390,437.93,1384151092
1383540476,447.47,437.95,436.18,31141.36031501,390,437.94,1384151151
1383540536,447.47,437.95,436.18,31138.51113354,390,437.94,1384151211
1383540601,447.47,437.5,436.18,31157.73475546,390,437.95,1384151276
1383540659,447.47,437.5,436.18,31161.56224587,390,437.5,1384151334
1383540719,447.47,437.5,436.18,31468.72767872,390,437.49,1384151394
1383540778,447.47,438.19,436.18,31458.14325864,390,438.16,1384151453
1383540844,447.47,438.19,438.19,31465.71574177,390,438.2,1384151519
1383540898,447.47,438.99,436.18,31464.24843089,390,438.49,1384151573
1383540964,447.47,438.99,436.18,31491.73549095,390,438.7,1384151639
1383541017,447.47,438.99,436.18,31520.56922231,390,438.97,1384151692
1383541083,447.47,438.99,436.18,31522.83050231,390,439.34,1384151758
1383541129,447.47,436.12,436.12,31522.66297817,390,438.99,1384151804
1383541185,447.47,436.21,436.2,31517.9920021,390,439,1384151860
1383541244,447.47,437.51,437.5,31559.43917482,390,439.39,1384151919
1383541309,447.47,438.02,438.01,31561.95079947,390,439.4,1384151984
1383541368,447.47,438.02,438.02,31556.11913524,390,439.4,1384152043
1383541430,447.47,439.43,438.02,31566.42570847,390,439.43,1384152105
1383541487,447.47,439.45,438.02,31572.50763885,390,439.43,1384152162
1383541552,447.47,439.45,438.02,31573.64345912,390,439.45,1384152227
1383541604,447.47,439.45,438.02,31615.43232387,390,439.45,1384152279
1383541729,447.47,439.45,438.02,31590.43232387,390,439.45,1384152404
1383541792,447.47,439.46,438.02,31590.31207858,390,439.46,1384152467
1383541850,447.47,439.35,438.01,31580.22391664,390,439,1384152525
1383541908,447.47,439.48,438.01,31580.51996339,390,439.47,1384152583
1383541971,447.47,439.48,437.51,31644.07319662,390,439.48,1384152646
1383542031,447.47,439.48,437.51,31648.75531322,390,439.48,1384152706
1383542089,447.47,438.8,437.5,31647.90226322,390,438.8,1384152764
1383542153,447.47,439,438.98,31664.09007042,390,439,1384152828
1383542205,447.47,438.99,436.81,31674.89016267,390,439,1384152880
1383542275,447.47,439,439,31721.16096039,390,439.5,1384152950
1383542335,447.47,439.85,439.85,31715.56143039,390,439.86,1384153010
1383542394,447.47,440,438.59,31711.63176039,390,439.85,1384153069
1383542454,447.47,439.99,436.15,31660.79793702,390,439.88,1384153129
1383542511,447.47,440,435.18,31633.44161852,390,440,1384153186
1383542576,447.47,436.8,436.8,31664.75422811,390,439,1384153251
1383542632,447.47,435.13,436.8,31675.00550325,390,437,1384153307
1383542692,447.47,437,435.12,31664.83661292,390,436.99,1384153367
1383542756,447.47,435.12,435.12,31668.36030408,390,437,1384153431
1383542814,447.47,435.13,435.12,31621.38667917,390,435.13,1384153489
1383542878,447.47,435.13,435.12,31626.12472277,390,435.13,1384153553
1383542935,447.47,435.13,435.12,31654.5434719,390,435.13,1384153610
1383542997,447.47,435.22,435.13,31651.07759942,390,435.22,1384153672
1383543056,447.47,436,435.22,31664.48289997,390,436,1384153731
1383543114,447.47,437,436,31681.23966283,390,437,1384153789
1383543178,447.47,436,436,31681.92801224,390,437,1384153853
1383543238,447.47,436,436,31909.01972032,390,437,1384153913
1383543301,447.47,436,436,31908.71972032,390,437,1384153976
1383543361,447.47,436.23,436,31911.03296722,390,437,1384154036
1383543406,447.47,435.11,435.13,31906.41524694,390,437.69,1384154081
1383543470,447.47,436.99,436.99,31872.13181222,390,437,1384154145
1383543528,447.47,435.11,435.11,31863.98948282,390,435.21,1384154203
1383543586,447.47,435.95,435.8,31836.37633342,390,435.95,1384154261
1383543646,447.47,436,436,31821.87986921,390,437,1384154321
1383543710,447.47,436.29,436.02,31815.48272048,390,436.29,1384154385
1383543767,447.47,436.29,436.29,31820.76917045,390,437.78,1384154442
1383543831,447.47,437.8,436.29,31832.59757051,390,437.8,1384154506
1383543888,447.47,437.8,436.37,31826.70612092,390,437.8,1384154563
1383543947,447.47,437.89,436.29,31832.31055001,390,437.89,1384154622
1383544010,447.47,435.21,436.01,31829.16551097,390,438,1384154685
1383544066,447.47,438.98,436.12,31799.36551077,390,438.98,1384154741
1383544131,447.47,440.87,436.12,31797.81941517,390,439,1384154806
1383544248,447.47,438.21,438.33,31701.52134874,390,440.87,1384154923
1383544306,447.47,438.33,438.33,31711.69665551,390,440.89,1384154981
1383544371,447.47,438.02,438.33,31705.86017668,390,440.91,1384155046
1383544430,447.47,438.02,438.02,31708.7487154,390,440.94,1384155105
1383544488,447.47,439.79,438.02,31702.6912354,390,439.79,1384155163
1383544547,447.47,439.74,438.12,31718.53351114,390,439.74,1384155222
1383544610,447.47,438.01,438.01,31748.36534114,390,439.75,1384155285
1383544666,447.47,439.78,438.01,31755.05443101,390,439.78,1384155341
1383544732,447.47,439,439,31760.33376613,390,439.79,1384155407
1383544792,447.47,441.4,439,31762.38847615,390,441.4,1384155467
1383544845,447.47,438,439,31764.51849549,390,441.41,1384155520
1383544911,447.47,438.65,438.65,31759.80521211,390,439,1384155586
1383544972,447.47,439,439,31837.52628171,390,439.88,1384155647
1383545030,447.47,439,438.8,31836.8900526,390,439,1384155705
1383545089,447.47,439,438.1,31833.8795526,390,439,1384155764
1383545147,447.47,439,438.1,31845.41112613,390,439,1384155822
1383545211,447.47,439,438,31857.29387933,390,439,1384155886
1383545269,447.47,438,437.6,31872.40930862,390,438,1384155944
1383545333,447.47,438.7,438.53,31854.80728122,390,438.7,1384156008
1383545386,447.47,439,438.52,31847.15056899,390,439,1384156061
1383545448,447.47,439,438.82,31840.82982034,390,439,1384156123
1383545509,447.47,438.95,438,31665.27267456,390,438.95,1384156184
1383545568,447.47,438.98,438.82,31655.0943014,390,439.95,1384156243
1383545631,447.47,439.99,438.81,31746.26319887,390,438.98,1384156306
1383545691,447.47,437.2,437.21,31763.99130254,390,441.46,1384156366
1383545751,447.47,440.18,440.18,31692.0220377,390,440.35,1384156426
1383545807,447.47,440.5,440.18,31689.17795023,390,440.35,1384156482
1383545873,447.47,440.17,440.17,31697.18337612,390,440.5,1384156548
1383545931,447.47,441.5,441.48,31675.21617881,390,441.5,1384156606
1383545990,447.47,442.88,441.52,31667.72929427,390,442.88,1384156665
1383546048,447.47,441.52,441.52,31672.35144674,390,442.88,1384156723
1383546112,447.47,441.48,441.51,31689.68776494,390,442.87,1384156787
1383546162,447.47,441.48,441.49,31691.22611979,390,442.88,1384156837
1383546236,447.47,441.41,441.41,31692.22611979,390,442.88,1384156911
1383546294,447.47,443.44,441.47,31657.67613421,390,443.44,1384156969
1383546352,447.47,441.44,441.46,31658.43376406,390,443.44,1384157027
1383546412,447.47,443.44,441.44,31662.77537832,390,443.44,1384157087
1383546472,447.47,441.45,441.4,31663.5339464,390,443.46,1384157147
1383546532,447.47,443.37,441.46,31641.55132269,390,444.55,1384157207
1383546591,447.47,443.38,443.24,31633.16288938,390,443.38,1384157266
1383546656,447.47,441.45,443.38,31626.94057746,390,443.56,1384157331
1383546716,447.47,444.13,441.4,31531.57897887,390,444.08,1384157391
1383546771,447.47,444.8,444.8,31549.49132125,390,445.55,1384157446
1383546830,447.47,444.8,444.8,31555.63196418,390,445.67,1384157505
1383546891,447.47,444.89,444.89,31572.81791261,390,444.9,1384157566
1383546956,447.47,444.89,444.89,32308.25755531,390,445.88,1384157631
1383547015,447.47,444.8,444.8,32337.44101126,390,444.89,1384157690
1383547076,447.47,444.8,444.8,32367.2263173,390,444.89,1384157751
1383547131,447.47,444.8,444.8,32397.25709821,390,444.88,1384157806
1383547193,447.47,444.8,444.8,32393.16133557,390,444.88,1384157868
1383547250,447.47,444.62,444.62,32402.91863442,390,444.71,1384157925
1383547316,447.47,444.89,445,32225.12754656,390,445.9,1384157991
1383547377,447.47,441.86,441.87,32055.75968185,390,443,1384158052
1383547436,447.47,441.86,441.86,32054.87968185,390,443.89,1384158111
1383547496,447.47,442.19,442.19,32036.79401369,390,443.89,1384158171
1383547617,447.47,442.2,442.2,32027.00694554,390,442.88,1384158292
1383547677,447.47,442.88,442.2,31996.27370053,390,442.87,1384158352
1383547730,447.47,441.86,441.86,32007.41716585,390,442.19,1384158405
1383547798,447.47,441.86,441.86,32010.0809944,390,442.19,1384158473
1383547853,447.47,441.85,441.85,32014.49881773,390,442.19,1384158528
1383547919,447.47,439.22,441.38,32037.24485066,390,442.88,1384158594
1383547977,447.47,442.63,442.63,32035.48201418,390,442.64,1384158652
1383548038,447.47,441.99,441.99,32014.75447473,390,442.09,1384158713
1383548090,447.47,439.11,439.11,32008.87278928,390,441.98,1384158765
1383548159,447.47,441.88,441.88,32007.01021909,390,441.98,1384158834
1383548218,447.47,438.24,439.92,31989.31118476,390,441.89,1384158893
1383548277,447.47,438.24,439.91,31949.49725204,390,441.56,1384158952
1383548336,447.47,440,439.99,31928.21935184,390,440,1384159011
1383548396,447.47,439.84,439.01,31915.54011658,390,439.84,1384159071
1383548458,447.47,438.99,438.99,31898.67426004,390,439,1384159133
1383548517,447.47,438.24,437.5,31891.17021522,390,438.26,1384159192
1383548577,447.47,438.26,437.23,31882.53106776,390,438.26,1384159252
1383548637,447.47,437.72,437.73,31877.33850885,390,438.26,1384159312
1383548689,447.47,438.26,438.26,31863.56111637,390,439.9,1384159364
1383548753,447.47,440,439.92,31850.25957834,390,440,1384159428
1383548819,447.47,440.12,440.01,31735.38467128,390,442,1384159494
1383548876,447.47,442.67,442.67,31717.40713613,390,442.76,1384159551
1383548939,447.47,442.67,442.77,31710.91338587,390,443.99,1384159614
1383548995,447.47,445.83,442.67,31718.55965595,390,445.44,1384159670
1383549059,447.47,442.67,442.67,31720.33248174,390,445.86,1384159734
1383549122,447.47,442.67,442.67,31725.09073015,390,445.88,1384159797
1383549183,447.47,442.66,442.66,31731.62573015,390,445.89,1384159858
1383549237,447.47,442.65,442.65,31725.1601946,390,442.66,1384159912
1383549300,447.47,442.65,442.65,31830.18159902,390,444.97,1384159975
1383549358,447.47,442,442,31830.52977636,390,442.66,1384160033
1383549423,447.47,440.13,441.11,31770.65088065,390,441.77,1384160098
1383549482,447.47,443.67,443.53,31703.11532484,390,444.04,1384160157
1383549537,447.47,445,444.89,31219.25533442,390,445,1384160212
1383549597,447.47,445.36,445.36,31209.87941662,390,446.89,1384160272
1383549658,447.47,445.36,445.35,31205.52447909,390,446.89,1384160333
1383549722,447.47,445.35,445.35,31205.02497909,390,446.9,1384160397
1383549782,447.47,445.35,445,31211.92814947,390,445.35,1384160457
1383549841,447.47,445,445,31099.769234,390,445.01,1384160516
1383549900,447.47,445.01,444.89,31085.50524669,390,445,1384160575
1383549960,447.47,445.5,445.5,31014.66883083,390,445.9,1384160635
1383550014,446.1,446,446,30945.08938331,390,446.2,1384160689
1383550079,446.02,446.02,446.02,30928.58674556,390,446.21,1384160754
1383550143,445.41,445.34,445.34,30852.43314867,390,445.41,1384160818
1383550203,445.35,445.35,445,30874.65230482,390,445.35,1384160878
1383550248,445.35,445,445,30865.81037629,390,445.35,1384160923
1383550309,445,444.89,444.89,30843.2857869,390,445,1384160984
1383550365,445,444.89,444.89,30842.18589825,390,444.99,1384161040
1383550435,445,444.98,444,30851.576408,390,444.89,1384161110
1383550495,445,444.36,444.36,30826.83975138,390,444.89,1384161170
1383550553,444.39,444.36,444.36,30814.53628697,390,444.39,1384161228
1383550615,444.39,444.35,444.35,30828.22110584,390,444.39,1384161290
1383550672,444.35,444,444,30794.76340911,390,444.01,1384161347
1383550727,444.35,444,444,30786.66127605,390,444.35,1384161402
1383550792,444.35,444,443.98,30721.08781704,390,444,1384161467
1383550853,444.28,444,444,30712.56354051,390,444.28,1384161528
1383550905,444.18,443.88,443.53,30715.88146329,390,443.87,1384161580
1383550981,444.18,442.87,442.87,30804.44648009,390,442.89,1384161656
1383551040,442.12,442.12,442.04,31372.68734102,390,442.12,1384161715
1383551099,442,441.99,441.99,32591.93107749,390,442,1384161774
1383551158,441.99,441.89,441.53,32629.5460111,390,441.88,1384161833
1383551213,441.5,441.5,441.5,32674.15809831,390,441.53,1384161888
1383551283,441.01,441.01,440.5,32686.76274607,390,441.01,1384161958
1383551341,440.21,440.21,440.21,32785.59190043,390,440.22,1384162016
1383551402,440,440,439.92,32752.46754484,390,440,1384162077
1383551461,440,439.9,439.91,32738.19206581,390,439.99,1384162136
1383551520,440,439.9,439.59,32709.54350134,390,439.9,1384162195
1383551578,440,439.9,439.58,32707.56609837,390,439.9,1384162253
1383551632,440,439.51,439.51,32809.32281558,390,439.57,1384162307
1383551698,440,439.51,439.51,32734.26393723,390,439.56,1384162373
1383551760,440,439,439,32639.16850106,390,439.12,1384162435
1383551819,440,439.11,438,32603.02417623,390,438.95,1384162494
1383551878,440,439.11,438,32608.02417623,390,438.99,1384162553
1383551925,440,438,438,32608.71117623,390,439.11,1384162600
1383551984,440,439.12,438,32743.30368319,390,439.12,1384162659
1383552044,440,437.74,437.72,32744.44773615,390,437.74,1384162719
1383552108,440,437.72,437.72,32743.72170717,390,439.49,1384162783
1383552162,440,437.72,437.71,32738.02941209,390,437.72,1384162837
1383552223,440,437.7,437.71,32765.78694554,390,438,1384162898
1383552286,440,437.69,437.69,32767.00725357,390,439.51,1384162961
1383552350,440,439.52,437.66,32769.23388109,390,439.52,1384163025
1383552407,440,437.59,437.61,32773.36280855,390,439.52,1384163082
1383552468,440,437.58,438.49,32760.00303724,390,439.53,1384163143
1383552529,440,437.6,437.61,32754.15022106,390,439.55,1384163204
1383552583,440,437.59,437.59,32759.08231161,390,439.57,1384163258
1383552648,440,439.66,437.58,32758.52720915,390,439.59,1384163323
1383552708,440,437.57,437.57,32750.40014394,390,439,1384163383
1383552769,440,437.54,437.56,32752.68187169,390,439,1384163444
1383552825,440,438,437.54,32754.57039315,390,439,1384163500
1383552897,440,438,437.51,32755.48959315,390,439.69,1384163572
1383552949,440,438,437.15,32757.4771274,390,438,1384163624
1383553018,440,439.69,439.69,32633.8639671,390,439.7,1384163693
1383553082,440,436.94,436.99,32622.87421682,390,439.7,1384163757
1383553128,440,436.94,436.95,32622.87421682,390,438.98,1384163803
1383553185,440,438.99,436.92,32619.09324797,390,438.99,1384163860
1383553246,440,439.88,439.01,32616.34098994,390,439.88,1384163921
1383553305,440,440,439.88,32628.2484667,390,439.99,1384163980
1383553356,440,439.99,439.88,32631.30533295,390,439.99,1384164031
1383553434,440,440,439.88,32719.02721193,390,440,1384164109
1383553496,440,440,439,32723.1141482,390,439.9,1384164171
1383553558,439.97,439.88,439.88,32605.6950216,390,439.97,1384164233
1383553617,439.97,439.95,439.88,32573.35685157,390,439.95,1384164292
1383553679,439.97,439.88,439.88,32538.84900643,390,439.95,1384164354
1383553730,439.97,439.67,439.57,32528.77314369,390,439.67,1384164405
1383553797,439.97,439.76,439.67,32516.61799149,390,439.76,1384164472
1383553859,439.97,439.87,439.86,32516.62400374,390,439.87,1384164534
1383553920,439.97,439.89,439.87,32521.76882884,390,439.89,1384164595
1383553979,439.97,439.95,439.89,32519.97667135,390,439.95,1384164654
1383554038,439.97,439.96,439.89,32529.69812121,390,439.96,1384164713
1383554086,439.9,439.05,439.05,32505.40456249,390,439.87,1384164761
1383554146,439.9,439.71,439.71,32467.81794716,390,439.9,1384164821
1383554207,439.9,439.72,439.72,32480.0018926,390,439.88,1384164882
1383554267,439.9,439.88,439.72,32497.65474624,390,439.88,1384164942
1383554329,439.9,439.88,439.88,32500.31669498,390,439.9,1384165004
1383554387,439.9,439.72,439.72,32609.96513482,390,439.88,1384165062
1383554445,439.88,439.88,439.72,32607.03902128,390,439.88,1384165120
1383554504,439.71,439.71,439.05,32616.91790691,390,439.71,1384165179
1383554564,439.7,439.7,439.7,32601.21473056,390,439.71,1384165239
1383554624,439,439,439,32584.0618343,390,439.05,1384165299
1383554683,439,439,438.44,32542.98022161,390,439,1384165358
1383554808,437.99,437.99,437.99,32505.39545181,390,438,1384165483
1383554869,437.97,437.11,436.87,32347.26674717,390,437.11,1384165544
1383554931,437.97,436.85,437.11,32349.54449407,390,437.78,1384165606
1383554985,437.97,436.85,436.85,32357.59022391,390,437.84,1384165660
1383555045,437.97,437.85,436.85,32420.68560104,390,437.8,1384165720
1383555107,437.97,437.85,436.85,32421.18560104,390,437.85,1384165782
1383555172,437.97,437.97,437.85,32380.68458531,390,437.87,1384165847
1383555232,437.9,437.85,437.85,32327.68749572,390,437.87,1384165907
1383555289,437.9,437.85,437.85,32288.13759428,390,437.87,1384165964
1383555352,437.89,437.88,437.85,32249.63276868,390,437.88,1384166027
1383555408,436.86,436.86,436.85,32247.05687006,390,436.87,1384166083
1383555469,436.86,436.86,436.85,32260.56602511,390,436.86,1384166144
1383555526,436.86,436.86,436.85,32260.32962511,390,436.86,1384166201
1383555592,436.85,436.85,436.85,32261.02045742,390,436.87,1384166267
1383555645,436.5,436.5,436.7,32237.67787284,390,436.85,1384166320
1383555709,436.5,436.5,436.7,32238.32780388,390,436.87,1384166384
1383555769,436.42,436.01,436.01,32238.74441212,390,436.42,1384166444
1383555835,436.42,436.01,436.01,32245.79143756,390,436.42,1384166510
1383555892,436.42,436,436,32216.8329088,390,436.01,1384166567
1383555955,436.42,436.42,436.01,32213.42395852,390,436.42,1384166630
1383556009,435.81,435.81,435.73,32040.93605433,390,435.81,1384166684
1383556074,435.81,435.81,435.73,32042.54350405,390,435.81,1384166749
1383556128,435.6,435.6,435.6,31981.26293253,390,435.73,1384166803
1383556195,435.6,435.6,435.59,31938.23253244,390,435.6,1384166870
1383556254,435.6,435.6,435.59,31899.9213688,390,435.6,1384166929
1383556315,435.6,435.59,435.58,31886.46656495,390,435.59,1384166990
1383556374,435.6,435.59,435.59,31839.76059095,390,435.6,1384167049
1383556434,435.6,435.6,435.59,31802.88859692,390,435.6,1384167109
1383556489,435.6,435.58,435.58,31797.97604829,390,435.6,1384167164
1383556548,435.57,435.22,435.22,31747.19575276,390,435.57,1384167223
1383556607,435.18,435.01,435.02,31703.24593061,390,435.15,1384167282
1383556669,435.18,434.34,433.05,31682.50949844,390,434.34,1384167344
1383556729,435.18,432.15,432.15,31667.90794755,390,432.81,1384167404
1383556788,435.18,430,429.66,31665.58068866,390,430,1384167463
1383556847,435.18,432.95,432.95,31507.67263048,390,433,1384167522
1383556907,435.18,434.99,434.99,31533.42828435,390,435,1384167582
1383556965,435.18,434.99,434.99,31528.5081363,390,435.08,1384167640
1383557025,435.18,434.51,434.51,31534.52167517,390,434.99,1384167700
1383557091,435.18,434.5,434.51,31533.86956006,390,434.99,1384167766
1383557151,435.18,433.87,433.87,31522.76655771,390,434.4,1384167826
1383557268,435.18,434.4,433.87,31520.43012314,390,434.4,1384167943
1383557331,435.18,435,434.78,31514.86822811,390,435,1384168006
1383557390,435.08,435.08,435.08,31474.92513615,390,435.12,1384168065
1383557448,433.1,433,431.95,30944.13224039,390,433,1384168123
1383557510,432.86,431.95,431.95,30910.90922128,390,432,1384168185
1383557569,432.86,431.94,431.95,30910.62417205,390,432,1384168244
1383557632,432.86,431.94,431.94,30916.08373205,390,432,1384168307
1383557691,432.86,431.94,429.65,30890.86118493,390,431.94,1384168366
1383557746,431.36,429.64,429.64,30447.4987851,390,429.86,1384168421
1383557809,431.36,430.12,430,30444.79317789,390,430.12,1384168484
1383557868,431.36,428.5,428,30146.87799389,390,428.5,1384168543
1383557928,431.36,428,428,30160.26040877,390,428.5,1384168603
1383557988,431.36,428.5,428,30210.17155145,390,428.5,1384168663
1383558046,431.36,428.5,427.99,30242.95998239,390,428.5,1384168721
1383558110,431.36,427.99,427.99,30260.3208932,390,428.45,1384168785
1383558165,431.36,428.06,428.06,30365.97500392,390,428.27,1384168840
1383558229,431.36,428,427.37,30423.22281668,390,427.99,1384168904
1383558286,431.36,427.37,427.37,30435.39735305,390,427.47,1384168961
1383558344,431.36,427.47,426.5,30518.64128195,390,427.37,1384169019
1383558406,431.36,426.49,426.5,30558.74361495,390,426.98,1384169081
1383558470,431.36,426.49,426.5,30590.91134841,390,426.98,1384169145
1383558527,431.36,426.49,426.49,30791.61140732,390,426.98,1384169202
1383558592,431.36,426.49,426.4,30815.68446447,390,426.49,1384169267
1383558648,431.36,426.34,426.4,30823.80596404,390,426.41,1384169323
1383558707,431.36,426.34,426.4,30830.51073952,390,426.41,1384169382
1383558771,431.36,426.2,425.9,30850.46047264,390,426.2,1384169446
